2014 3204
887 260 1196 300 —122-

287 379 584 432 προσωπείων
614 376 767 431 χρῆσιν
796 375 849 417 ἕν
879 374 1012 431 μόνῃ
1045 371 1219 431 ὀθόνῃ
1267 376 1605 428 κατασκευάσας)
1637 378 1806 432 Aeschy-

287 448 368 487 lum
399 446 572 499 primum
602 445 840 486 terribilibus
870 445 997 499 iisque
1027 446 1140 499 pictis
1179 445 1361 500 personis
1408 459 1523 486 usum
1569 459 1655 487 esse
1698 447 1804 488 dicit.

287 529 318 554 v.
354 512 623 567 Αἰσχύλος
653 545 664 555 .
695 546 703 555 .
739 545 749 555 .
781 509 906 564 οὗτος
936 515 1107 570 πρῶτος
1139 510 1236 571 εὗρε
1267 521 1528 569 προσωπεῖα
1565 513 1690 557 δεινὰ
1733 514 1805 555 καὶ

285 581 536 638 χρώμασι
568 585 901 637 κεχρισμένα
931 581 1041 635 ἔχειν
1070 583 1168 632 τοὺς
1198 582 1439 639 τραγικούς.
1491 585 1547 625 Ex
1577 597 1654 637 quo
1685 582 1804 625 effici-

291 657 363 699 tur,
396 664 477 692 non
508 657 587 692 tam
618 664 880 704 personarum
913 653 1074 693 omnino
1106 653 1355 694 inventorem
1388 667 1477 694 eum
1508 653 1642 702 fuisse,
1687 666 1805 706 quam

286 720 491 760 dissimiles
522 726 698 761 actorum
729 727 860 773 partes
907 721 1085 762 dissimili
1121 734 1381 775 personarum
1426 722 1521 763 facie
1568 722 1692 774 magis
1737 734 1804 762 ex-

288 789 477 842 pressisse
507 795 622 842 atque
653 789 889 830 distinxisse.

399 858 474 905 Qui
504 863 635 898 autem
664 859 840 911 Thespin
870 859 993 899 secuti
1023 863 1130 907 sunt,
1161 859 1425 912 Phrynichus,
1458 860 1650 908 Pratinas,
1681 859 1806 900 Choe-

285 927 394 976 rilus,
426 927 498 967 etsi
530 941 595 968 eos
627 940 783 980 quoque
814 929 997 969 credibile
1029 934 1088 969 est
1118 929 1357 982 aliquantum
1404 929 1558 969 auxisse
1602 934 1806 982 spectacu-

285 997 413 1036 lorum
460 1001 642 1036 ornatum
687 1002 804 1050 atque
833 993 1173 1050 pulchritudinem,
1217 998 1336 1051 idque
1380 997 1580 1038 nonnullis
1626 1002 1805 1038 veterum

287 1065 523 1105 testimoniis
555 1065 846 1118 comprobatur,
878 1079 976 1119 quae
1008 1066 1323 1117 Choerilum1)
1354 1067 1517 1107 tradunt
1547 1078 1804 1118 personarum

287 1139 404 1186 atque
427 1133 590 1174 vestium
615 1135 771 1175 ornatui
793 1148 926 1175 curam
948 1136 1198 1188 impendisse,
1229 1135 1481 1188 Phrynieh
1496 1134 1605 1185 um2)
1636 1134 1805 1187 primum

286 1203 494 1243 mulierum
516 1215 705 1255 personas
726 1204 925 1245 induxisse
956 1205 998 1244 in
1029 1217 1232 1245 scaenam:
1262 1210 1409 1252 tamen,
1439 1203 1478 1243 id
1501 1204 1603 1256 quod
1619 1215 1807 1256 persaepe

285 1271 370 1311 fieri
401 1271 586 1312 historiae
616 1273 738 1313 multa
770 1274 913 1314 docent
935 1274 1122 1326 exempla,
1155 1286 1254 1326 quae
1284 1273 1339 1312 illi
1362 1272 1578 1313 effecerunt
1607 1272 1736 1312 omnia
1766 1271 1807 1311 in

286 1354 376 1381 eum
405 1345 499 1380 sunt
529 1340 679 1390 collata,
712 1342 779 1394 qui
810 1342 1043 1383 dramatioae
1073 1342 1205 1395 poesis
1240 1342 1424 1394 princeps
1456 1346 1495 1381 et
1523 1341 1596 1381 fuit
1627 1345 1666 1381 et
1695 1339 1807 1381 habi-

285 1415 347 1450 tus
379 1415 450 1458 est,
482 1409 827 1461 Aeschylumss).
894 1410 930 1450 Is
977 1423 1065 1451 cum
1108 1410 1328 1450 imminutis
1374 1410 1481 1450 chori
1524 1409 1699 1462 partibus
1743 1421 1807 1449 ac-

288 1480 388 1519 tioni
418 1479 565 1532 primas
597 1479 687 1519 dare
717 1479 953 1519 instituisset
984 1479 1144 1528 (Arist.
1176 1479 1310 1519 Poet.
1342 1479 1380 1527 4,
1414 1478 1478 1518 13.
1510 1477 1582 1518 καὶ
1613 1477 1689 1518 τὸν
1732 1471 1808 1517 λό-

285 1562 363 1599 γον
393 1546 763 1602 πρωταγωνιστὴν
794 1545 1112 1601 παρεσκεύασε)
1135 1548 1384 1600 auxissetque
1417 1560 1462 1587 eo
1484 1546 1645 1587 consilio
1675 1545 1809 1586 histri-

290 1629 414 1658 onum
445 1629 655 1657 numerum
678 1617 822 1657 addens
853 1617 975 1669 priori
1007 1630 1027 1657 a
1048 1617 1245 1670 Thespide
1274 1617 1328 1656 illi
1357 1617 1516 1656 invento
1546 1615 1713 1656 alterum
1743 1627 1808 1655 ae-

286 1686 466 1736 torem4)‚
528 1684 575 1735 (A
589 1685 754 1726 ristot.
786 1686 917 1726 Poet.
949 1699 981 1726 c.
1013 1686 1039 1724 4
1070 1690 1092 1735 §
1127 1685 1190 1725 13.
1222 1685 1296 1726 καὶ
1339 1683 1388 1726 τό
1418 1700 1464 1725 τε
1493 1683 1577 1725 τῶν
1620 1681 1808 1738 ὑποκρι-

288 1754 374 1796 τῶν
403 1753 582 1808 πλῆθος
613 1752 659 1801 ἐξ
688 1751 782 1802 ἑνὸς
814 1754 876 1802 εἷς
908 1752 986 1795 δύο
1030 1753 1202 1809 πρῶτος
1237 1752 1461 1806 Αἰσχύλος
1505 1751 1650 1807 ἤγαγε,
1694 1758 1809 1806 τρεῖς

293 1822 345 1864 δὲ
377 1821 450 1863 καὶ
489 1825 818 1877 σκηνογραφίαν
852 1822 1114 1878 Σοφοκλῆς-ὖ)
1147 1828 1458 1863 consentaneum
1491 1827 1585 1871 erat,
1615 1834 1705 1862 cum
1733 1821 1810 1862 iam

291 1892 425 1932 minus
456 1892 574 1945 lyrica
605 1897 706 1932 esset
735 1893 944 1944 tragoedia,
975 1905 1091 1945 quam
1126 1891 1385 1942 dramatica⁶)‚
1422 1891 1589 1931 eundem
1621 1890 1809 1930 maiorem

288 1974 405 2014 quam
451 1961 675 2014 superiores
721 1974 861 2002 omnes
907 1962 1050 2002 actioni
1094 1961 1146 2002 illi
1179 1961 1293 2014 digne
1323 1961 1363 2000 in
1394 1973 1533 2000 scaena
1574 1958 1810 2011 spectandae

288 2043 448 2084 operam
479 2043 651 2072 navasse.
714 2031 979 2072 Consentiunt
1009 2036 1139 2071 autem
1171 2031 1220 2071 ad
1249 2042 1374 2070 unum
1404 2029 1486 2069 fere
1526 2028 1656 2068 omnia
1699 2032 1809 2067 vete-

381 2245 406 2285 1)
432 2242 479 2276 Cf.
507 2243 630 2276 Suid.
665 2241 894 2287 Χοίριλος·
924 2235 1012 2274 κατά
1043 2250 1141 2278 τινας
1170 2242 1243 2278 τοῖς
1273 2240 1516 2286 προσωπείοις
1552 2239 1612 2271 καὶ
1634 2238 1676 2282 τῇ
1701 2237 1807 2284 σκευῇ

287 2301 357 2335 τῶν
381 2301 517 2334 στολῶν
541 2299 761 2345 ἐπεχείρησε.

377 2358 401 2400 ²)
429 2357 478 2391 Cf.
505 2358 629 2390 Suid.
657 2352 904 2401 Φρύνιχος·
931 2355 1037 2392 οὗτος
1062 2354 1102 2389 δὲ
1126 2356 1265 2402 πρῶτος
1291 2353 1309 2387 ὁ
1334 2350 1518 2399 Φρύνιχος
1540 2354 1808 2398 γυναικεῖον

287 2412 489 2462 πρόσωπον
513 2410 695 2459 εἰςήγαγεν
720 2413 757 2447 ἐν
780 2414 820 2460 τῇ
847 2413 971 2459 σκηνῇ.

379 2474 404 2512 ³)
431 2473 479 2506 Cf.
506 2473 709 2506 Cramer.
736 2471 905 2504 Anecd.
931 2470 1083 2503 Paris.
1108 2471 1146 2504 T.
1175 2470 1196 2503 l.
1223 2482 1250 2514 p.
1282 2442 1332 2504 19.
1376 2469 1420 2501 El
1447 2467 1517 2512 μὲν
1549 2466 1592 2511 δὴ
1615 2465 1733 2502 πάντα
1758 2478 1808 2504 τις

286 2527 460 2576 Αἰσχύλῳ
483 2528 645 2575 βούλεται
668 2526 711 2562 τὰ
738 2529 824 2575 περὶ
847 2524 912 2572 τὴν
937 2526 1071 2571 σκηνὴν
1094 2523 1275 2574 εὑρήματα
1300 2527 1520 2573 προσνέμειι
1542 2537 1572 2558 κ.
1597 2536 1624 2558 τ.
1650 2525 1681 2558 λ.

379 2587 404 2629 ⁴)
431 2588 631 2621 Rectissime
672 2587 847 2619 intellexit
885 2587 970 2618 hanc
1006 2586 1150 2618 alterius
1186 2584 1363 2618 histrionis
1400 2582 1629 2616 inventionem
1661 2582 1806 2614 omnium

289 2657 446 2680 summam
472 2645 579 2678 fuisse
603 2649 700 2688 atque
726 2644 919 2688 primariam
944 2643 1112 2685 multoque
1137 2642 1277 2675 maioris
1303 2651 1376 2674 esse
1401 2639 1576 2683 momenti,
1601 2650 1696 2683 quam
1721 2639 1807 2683 quod

289 2704 469 2747 Sophocles
493 2703 632 2736 tertium
657 2702 800 2742 adiecit,
826 2701 847 2733 S
863 2701 997 2734 choll
1022 2700 1248 2745 „Sophokles‚
1274 2699 1344 2732 sein
1370 2698 1480 2731 Leben
1516 2697 1581 2729 und
1606 2696 1751 2730 WVirken
1775 2707 1805 2740 p.

290 2762 342 2794 59.
372 2761 493 2793 1842“.

380 2817 405 2859 δ)
432 2816 480 2851 Cf.
509 2818 703 2859 Diogen.
729 2817 889 2850 Laert.
914 2815 965 2849 Ill.
992 2816 1045 2849 56.

381 2877 408 2918 ⁶)
435 2875 484 2908 Cf.
509 2875 549 2908 A.
576 2875 597 2908 S
612 2886 629 2906 c
644 2875 664 2907 h
679 2874 769 2917 611,
808 2873 1006 2917 Sophokles.
1043 2884 1074 2916 p.
1114 2873 1167 2905 51.
1192 2882 1260 2914 sqq.
1296 2870 1322 2902 D
1339 2880 1357 2902 r
1371 2881 1389 2902 o
1405 2880 1427 2913 y
1442 2880 1456 2901 s
1472 2880 1489 2902 e
1503 2881 1521 2901 n
1538 2894 1546 2912 ,
1582 2868 1805 2914 Phrynichos‚

293 2935 476 2978 Aischylos
502 2933 567 2965 und
593 2932 647 2966 die
671 2931 837 2973 Trilogie,
863 2931 895 2964 in
922 2930 1067 2974 „Rieler
1094 2928 1336 2974 philologische
1361 2926 1512 2969 Studien,
1542 2926 1660 2960 1841“.
