2014 3204
772 279 1055 317 -41-

255 394 386 446 Atque
425 394 499 433 hae
540 394 699 445 quidem
735 393 912 440 fabulae,
949 405 1046 445 quas
1075 394 1280 434 salticas
1308 395 1523 447 appellatas
1551 396 1673 436 fuisse

144 462 397 516 sagacissime
419 462 515 504 vidit
536 462 823 513 Welckerus1),
853 475 943 501 cum
969 463 1016 502 ad
1047 463 1179 515 ipsum
1201 464 1538 516 pantomimorum
1558 477 1674 504 usum

148 531 336 573 inventae
375 538 472 572 sunt
506 537 625 583 atque
654 529 952 582 compositae2)‚
983 536 1068 570 tum
1099 545 1146 571 ex
1176 538 1354 571 veterum
1393 532 1580 572 dramatis
1608 545 1676 572 ex-

147 612 311 653 pressae
344 607 461 653 atque
494 599 707 652 dispositae
719 597 764 648 ³).
821 597 937 638 Nullo
958 598 1064 638 enim
1086 605 1201 651 pacto
1225 600 1463 640 Graecorum
1487 601 1675 647 dramata,

146 668 267 708 veluti
308 669 514 722 Sophoclis
551 666 806 713 Trachiniae,
843 666 1044 718 Euripidis
1081 668 1152 707 lon
1193 673 1232 707 et
1261 667 1455 715 Troades,
1495 669 1583 709 talia
1613 669 1677 709 edi

144 742 350 790 poterant,
387 738 516 790 qualia
548 736 692 787 scripta
723 740 853 781 erant,
884 734 1030 786 quippe
1068 748 1159 775 cum
1198 748 1360 788 prorsus
1391 737 1542 776 diversa
1572 744 1693 777 esset.

125 805 297 857 ‘antiqui
328 805 516 845 dramatis
545 810 664 856 atque
684 803 1021 855 pantomimorum
1043 804 1157 844 ratio.
1219 805 1373 844 Etenim
1400 805 1442 844 in
1464 806 1675 857 tragoedia,

145 873 362 921 comoedia,
392 874 570 913 dramate
600 872 769 923 satyrico
799 872 932 923 plures
962 877 1075 911 erant
1104 878 1269 919 actores,
1298 873 1340 913 in
1363 873 1507 914 fabulis
1528 874 1675 914 salticis

146 953 265 990 unus,
296 942 363 994 qui
393 939 613 994 pluribus&
644 941 831 992 deinceps
852 940 1029 992 partibus
1049 939 1256 993 susceptis,
1287 941 1458 993 singulas
1491 942 1676 995 deinceps

136 1011 321 1051 ‘actiones
349 1011 526 1051 saltando
557 1010 813 1062 exprimebat.

256 1079 328 1119 His
356 1079 475 1119 rebus
507 1078 733 1131 praemissis
762 1078 811 1117 ad
841 1079 970 1129 ipsum
1002 1077 1194 1117 Athenaei
1224 1079 1355 1118 locum
1388 1079 1674 1131 expediendum

148 1147 312 1195 accedo,
349 1160 468 1199 quem
508 1147 902 1198 Schweighaeuserus
939 1145 1264 1197 interpretatione
1294 1147 1412 1187 latina
1443 1148 1540 1187 satis
1567 1155 1676 1188 recte

147 1215 205 1256 sie
246 1215 400 1255 videtur
444 1215 707 1268 expressisse:
783 1214 1023 1266 „Tr-aymam,
1070 1227 1186 1267 quam
1228 1223 1376 1263 vocant,
1422 1216 1675 1264 saltationem,

144 1341 299 1365 scaenam
322 1330 497 1374 plausibus
522 1330 690 1362 invitatus
713 1329 909 1369 advenerit,
935 1330 1101 1362 assistunt
1124 1330 1264 1362 consoni
1290 1331 1387 1364 chori
1412 1331 1561 1364 diversis
1577 1343 1678 1374 orga-

146 1388 201 1421 nis
225 1388 363 1421 eruditi.

237 1443 412 1477 Lueian.
448 1444 469 1476 d
484 1455 502 1476 e
538 1444 634 1476 salt.
664 1455 692 1476 e.
719 1443 773 1476 26.
819 1444 938 1475 καίτοι
961 1440 1026 1476 τὸν
1046 1441 1117 1488 μὲν
1140 1440 1254 1477 αὐλὸν
1276 1446 1310 1478 εἲ
1332 1444 1431 1479 δοκεῖ
1451 1446 1513 1478 καὶ
1537 1444 1603 1487 τὴν
1626 1458 1678 1480 κι-

144 1497 270 1546 θάραν
290 1501 484 1547 παρῶμεν·
508 1501 602 1545 μέρη
626 1496 698 1546 γιὶρ
721 1501 781 1542 τῆς
804 1499 873 1534 τοῦ
896 1496 1094 1545 ὀρχηστοῦζ
1101 1499 1298 1547 ὑπηρεσίας
1321 1502 1381 1534 καὶ
1406 1504 1527 1536 ταῦτα.

237 1556 264 1589 P
274 1557 344 1590 lin.
369 1568 388 1590 e
398 1568 455 1601 pp.
482 1557 553 1591 vll.
579 1558 623 1590 24
644 1558 798 1599 singulos
821 1563 940 1599 gestus
964 1569 1038 1590 cum
1063 1558 1206 1590 canticis
1234 1559 1429 1591 reddebant.

240 1614 268 1656 ι)
291 1614 409 1647 Rhein.
436 1613 522 1647 Mus.
550 1614 648 1647 1833.
673 1613 697 1647 1.
722 1625 753 1657 p.
780 1615 833 1648 56.

236 1671 265 1715 ²)
289 1671 359 1704 luv
370 1682 429 1704 en.
456 1675 532 1703 sat.
559 1670 627 1704 Vll.
655 1671 709 1704 86.
735 1671 789 1704 87.

413 1728 562 1761 Auditur
587 1729 649 1768 (se.
677 1728 838 1768 Statius):
865 1729 923 1762 sed
948 1740 1023 1762 cum
1047 1728 1154 1771 fregit
1178 1730 1341 1763 subsellia
1366 1742 1469 1764 versu

412 1785 542 1826 Esurit,
568 1786 732 1818 intactam
755 1785 781 1817 P
791 1796 809 1818 a
820 1797 837 1818 r
845 1786 906 1819 idi
933 1787 998 1820 uisi
1024 1788 1152 1820 vendat
1175 1788 1202 1820 A
1211 1798 1233 1829 g
1243 1798 1262 1821 a
1271 1799 1320 1821 ve
1329 1799 1361 1821 n.

145 1844 226 1876 Gum
259 1842 359 1876 Paris
385 1843 433 1875 sit
469 1843 727 1875 illustrissimus
762 1844 825 1876 ille
856 1844 1090 1886 pantomimus,
1115 1845 1257 1886 Agave
1288 1846 1425 1879 videtur
1457 1857 1534 1880 esse
1565 1849 1679 1892 aliqua

145 1899 262 1933 fabula
286 1899 410 1931 saltica
435 1899 470 1931 in
496 1900 773 1942 pantomimorum
797 1911 893 1933 usum
917 1912 936 1933 a
962 1901 1075 1934 Statio
1101 1903 1296 1946 composita.

236 1956 379 1990 Senee.
406 1955 576 1988 Suasor.
602 1955 640 1989 11.
664 1967 696 2000 p.
723 1957 778 1990 20.
804 1958 855 1990 ed.
879 1958 962 2001 Bip.
1011 1958 1199 1992 Sil-onem
1223 1961 1494 2003 pantomimis
1511 1960 1679 1996 fabulas

146 2013 388 2056 scripsisse
412 2011 566 2045 refert.

237 2070 364 2103 Sueto
374 2081 407 2102 n.
432 2069 537 2103 Nero
562 2080 589 2101 c.
616 2070 671 2102 54.
721 2069 789 2102 Sub
807 2071 903 2104 exitu
920 2072 1053 2115 quidem
1070 2072 1165 2106 vitae
1184 2074 1291 2117 palam
1309 2080 1454 2109 voverat
1467 2094 1511 2100 ——
1525 2077 1679 2120 proditu-

145 2139 218 2162 rum
242 2138 281 2162 se
302 2146 350 2152 —
373 2127 559 2160 novissimo
584 2127 639 2159 die
662 2127 876 2172 histrionem,
900 2130 1167 2174 saltaturumque
1191 2131 1223 2165 V
1236 2132 1399 2174 ergilii
1422 2132 1616 2167 Turnum.

236 2185 412 2218 Lucian.
437 2185 484 2217 de
507 2185 658 2218 saltat.
683 2195 712 2218 e.
739 2185 793 2218 84.
819 2186 883 2219 τοῦ
898 2184 969 2233 γὰρ
985 2183 1115 2230 ὁμοίου
1129 2189 1221 2221 Ata
1234 2199 1334 2227 νῐος
1349 2187 1463 2234 αὐτῷ
1479 2193 1679 2237 γραφέν-

145 2253 219 2280 τος
242 2239 335 2275 οὕτω
359 2243 520 2286 κοσμίως
542 2243 604 2275 καὶ
629 2238 831 2288 σωφρόνως
854 2240 919 2286 τὴν
940 2246 1082 2287 μανίαν
1104 2242 1323 2291 ὑπεκρίνατο
1345 2258 1378 2280 κ.
1402 2259 1431 2280 τ.
1456 2248 1486 2281 λ.

237 2298 265 2341 ³)
289 2299 317 2332 Ο
332 2299 432 2332 rell.
458 2298 686 2343 inscriptt.
711 2301 774 2334 No.
800 2299 899 2332 2629.

236 2356 506 2393 Arnobius.
531 2358 582 2390 ad
599 2369 631 2390 v.
656 2361 834 2399 gentes
858 2358 941 2391 lib.
958 2358 1014 2392 lv.
1031 2360 1082 2392 ed.
1104 2359 1257 2402 Lugdun.
1284 2360 1386 2394 lXLl.
1405 2374 1434 2406 p.
1455 2363 1531 2397 151.
1550 2374 1678 2397 necnon

147 2419 186 2447 et
214 2413 277 2446 illa
303 2414 416 2457 proles
441 2414 540 2446 Jovis
565 2415 587 2447 S
600 2425 619 2447 o
632 2425 652 2458 p
666 2416 687 2447 h
702 2426 720 2447 o
735 2426 753 2447 c
766 2415 779 2448 1
794 2415 836 2447 is
853 2415 866 2448 i
879 2427 900 2447 n
918 2415 947 2448 T
961 2427 979 2448 r
991 2426 1010 2448 a
1025 2428 1043 2449 c
1056 2417 1135 2449 hin
1150 2417 1162 2449 i
1177 2417 1189 2449 i
1203 2428 1219 2450 s
1236 2418 1400 2452 Hercules
1425 2419 1582 2462 pestiferi
1607 2425 1680 2463 teg-

146 2470 248 2503 minis
273 2470 530 2503 circumretitus
555 2471 715 2513 indagine
739 2472 955 2506 miserabiles
980 2473 1081 2506 edere
1106 2474 1279 2508 inducitur
1305 2476 1466 2509 eiulatus.

236 2528 260 2560 S
273 2538 327 2560 ue
339 2531 355 2559 t
369 2538 387 2560 o
401 2539 434 2560 n.
465 2527 489 2560 C
503 2538 522 2560 a
536 2528 548 2560 l
563 2528 575 2560 i
589 2538 621 2570 g.
659 2540 687 2561 c.
721 2529 774 2562 57.
827 2529 1056 2564 Pantomimus
1087 2531 1240 2565 Mnester
1273 2533 1485 2575 tragoediam
1521 2535 1677 2577 saltavit,

147 2595 247 2629 quam
271 2584 353 2617 olim
384 2584 627 2628 Neoptolemus
651 2587 835 2628 tragoedus
861 2588 967 2631 ludis,
1003 2588 1123 2631 quibus
1146 2599 1207 2622 rex
1233 2590 1450 2623 Macedonum
1462 2615 1471 2632 ‚
1502 2590 1679 2635 Philippus

152 2641 288 2674 occisus
313 2647 379 2683 est,
404 2647 532 2682 egerat.

237 2699 267 2740 ⁴)
291 2698 488 2731 Lucian.
506 2699 558 2732 de
583 2701 759 2734 saltat.
785 2711 813 2734 c.
833 2702 887 2735 66.
908 2699 1001 2735 ἰδὼν
1023 2700 1097 2749 γὰρ
1121 2703 1256 2737 πέντε
1279 2701 1503 2749 πρόσωπα
1521 2706 1580 2749 τῷ
1596 2703 1674 2751 ὀρ-

141 2756 288 2802 χηστῇ
310 2757 635 2800 παρεσκευασμένα
666 2755 907 2799 (τοσούτων
934 2757 1014 2803 γὰρ
1043 2758 1194 2806 μερῶν
1216 2757 1261 2793 τὸ
1287 2759 1436 2806 δρᾶμα
1464 2756 1528 2803 ἦν)
1557 2757 1678 2804 ἐζήτει,

146 2809 223 2844 ἕνα
245 2809 361 2857 ὀρῶν
383 2809 462 2847 τὸν
485 2810 727 2860 ὀρχηστὴν,
754 2817 847 2852 τίνες
871 2815 907 2848 οἰ
930 2811 1175 2863 ὀρχησόμενοι
1207 2818 1267 2850 καὶ
1297 2815 1609 2864 ὑποκρινούμενοι
1633 2817 1678 2853 τὰ

146 2866 262 2902 λοιπὰ
286 2865 471 2913 πρόσωπα
494 2869 576 2904 εἶεν.
606 2870 686 2905 ἐπεὶ
708 2870 747 2906 δὲ
771 2871 919 2916 ἔμαθεν,
943 2870 1001 2906 ὅτι
1026 2871 1046 2907 ὁ
1071 2872 1177 2911 αὐτὸς
1192 2871 1456 2920 ὑποκρινεῖται,
1480 2876 1541 2908 καὶ
1559 2873 1676 2922 ὑπορ-

143 2923 298 2969 χίσεται
322 2923 363 2959 τὰ
388 2922 508 2961 πάντα
532 2939 563 2960 κ.
590 2939 620 2960 r.
647 2929 677 2961 λ.
