2014 3204
319 16 323 23 .
365 0 605 32 ’τειτξε-..ῆῑε-τιτξτ
617 0 1051 27 *senff-vav&
1127 0 1169 6 -·
1206 1 1211 4 ·

383 45 397 52 -
1056 40 1058 42 .

807 253 1091 294 -23—

295 373 456 413 Constat
486 376 616 412 autem
629 403 639 419 ‚
669 371 761 411 inde
791 370 839 410 ab
868 368 1151 422 antiquissimis
1190 367 1437 420 temporibus
1468 367 1706 408 Graecorum

181 441 283 482 Deos
312 446 431 481 cantu
463 446 503 480 et
531 440 738 482 saltatione
777 451 864 479 esse
903 438 1120 478 celebratos
1133 467 1142 484 ‚
1180 442 1298 489 atque
1328 436 1490 489 Dionysi
1527 436 1708 488 inprimis

181 508 576 551 aras-anniversariis
606 520 707 560 quae
736 507 882 547 fiebant
912 506 1032 546 sacris
1062 504 1232 544 solemni
1262 517 1426 556 pompa,
1465 504 1706 544 iucundissi-

182 577 259 616 mis
290 577 419 617 choris
454 576 787 627 festivissimoque
825 575 1012 614 tibiarum
1056 585 1277 624 vocumque
1317 579 1514 612 concentu
1549 585 1708 624 percre-

184 644 329 698 puisse.
379 645 559 696 Namque
589 643 816 683 Silenorum
838 642 1147 694 Satyrorumque
1176 640 1356 680 habitum
1378 641 1577 680 imitantes
1608 641 1710 680 circa

182 714 384 754 fumantes
404 713 468 752 dei
498 724 583 752 aras
605 712 744 751 choros
766 711 974 756 ducebant,
1007 709 1148 761 quibus
1169 708 1302 748 laudes
1323 714 1521 755 canerent,
1554 709 1711 748 dolores

183 783 365 834 lugerent
376 810 387 827 ‚
434 780 614 820 victorias
658 779 924 825 celebrarent,
969 782 1201 829 argumenta
1246 776 1417 828 denique
1455 789 1590 816 rerum
1630 777 1711 816 sive

183 850 348 890 feliciter
378 849 459 888 sive
488 847 696 887 infeliciter
725 859 746 886 a
777 846 928 886 Baccho
960 850 1159 897 gestarum
1191 845 1455 884 imitarentur.

297 918 393 957 Eua
406 916 506 956 nth.
545 915 601 954 de
641 913 897 965 tragoedia
933 918 982 952 et
1026 926 1079 953 co
1092 913 1281 952 moedia
1312 926 1345 952 c.
1377 911 1437 952 2.:
1498 912 1712 952 Comoedia

297 985 381 1024 fere
411 984 538 1030 vetus,
569 988 615 1022 ut
643 983 727 1034 ipsa
758 993 918 1034 quoque
955 981 1047 1020 olim
1087 981 1286 1033 tragoedia
1297 1011 1306 1028 ,
1349 981 1515 1032 simplex
1553 992 1713 1020 carmen

298 1053 387 1099 fuit,
419 1052 525 1104 quod
555 1052 699 1091 chorus
729 1050 829 1090 circa
860 1062 945 1089 aras
976 1050 1176 1089 fumantes
1189 1080 1198 1096 ‚
1231 1061 1338 1089 nunc
1366 1050 1576 1101 spatiatus,
1607 1060 1714 1087 nunc

299 1120 538 1166 consistens,
570 1131 679 1158 nunc
706 1118 911 1158 revolvens
942 1130 1070 1169 gyros,
1101 1130 1191 1157 cum
1223 1117 1384 1156 tibicine
1416 1116 1663 1156 concinebat.

186 1189 276 1229 Mox
304 1188 492 1228 sacrificio
523 1190 624 1228 facto
654 1187 697 1226 in
725 1187 852 1238 ipsam
884 1198 990 1226 aram
1023 1186 1256 1237 (thymelen)
1288 1186 1366 1230 vel,
1407 1185 1511 1236 quod
1544 1184 1714 1224 credibi-

186 1258 263 1298 lius
307 1257 460 1296 videtur
472 1287 481 1303 ,
527 1256 570 1295 in
613 1266 789 1294 mensam
801 1285 811 1302 ‚
863 1267 964 1306 quae
1009 1254 1226 1294 mactandis
1276 1253 1445 1292 victimis
1493 1252 1716 1300 inserviret,

187 1324 483 1366 adscendebant
511 1324 694 1376 interque
725 1322 964 1363 cantandum
994 1323 1150 1362 iocosos
1181 1320 1400 1361 miscebant
1429 1317 1669 1368 sermones¹)

303 1393 472 1433 Orion.
504 1392 570 1432 Th
585 1391 652 1432 eb.
683 1391 885 1443 Etymol.
917 1403 955 1442 p.
988 1388 1055 1429 72.
1087 1388 1261 1442 θυμέλη
1301 1386 1426 1441 παρὰ
1457 1385 1504 1427 τὸ
1536 1383 1604 1427 ἐπ’
1636 1382 1716 1426 αὐ-

300 1461 375 1515 τῆς
424 1457 643 1501 τίθεσθαι
688 1457 743 1499 τὰ
771 1455 974 1511 θυόμενα
1004 1452 1163 1511 ιερεῒα·
1193 1471 1249 1510 τρ
1259 1455 1359 1496 άπε
1370 1454 1426 1502 ζα
1456 1453 1513 1495 δ
1494 1470 1514 1494 ε
1545 1451 1597 1509 ἧν
1626 1451 1718 1507 πρό

301 1526 512 1576 τούτου,
563 1523 650 1581 eq?
700 1522 758 1581 ἧς
801 1520 1039 1573 εστῶτες
1079 1524 1135 1566 ἐν
1178 1530 1292 1571 τοῖς
1333 1520 1520 1577 ἀγροῖς
1565 1513 1716 1579 ᾖδον,

302 1594 458 1652 μήπω
489 1594 645 1643 τάξιν
674 1592 951 1649 λαβούσης
980 1593 1067 1647 τῆς
1097 1586 1411 1646 τραγῳδίας.

381 1665 412 1704 Κ
426 1664 553 1717 yrill.
585 1662 746 1703 Lexic.
778 1662 882 1702 Msc.
915 1675 969 1714 ap
983 1662 1039 1702 ud
1070 1661 1258 1701 Albert.
1304 1659 1359 1699 ad
1390 1658 1590 1711 Hesych.
1620 1659 1647 1698 Ι.
1679 1671 1718 1710 p.

309 1732 430 1772 1743.
462 1729 699 1784 θυμέλη,
730 1727 999 1784 τράπεζα,
1042 1726 1115 1784 ἐφ’
1148 1723 1203 1783 ἧς
1233 1725 1461 1774 ἑστῶτες
1504 1724 1559 1767 ἓν
1598 1732 1719 1773 τοῖς

304 1798 501 1855 ἆνροῒς
531 1791 664 1858 ᾖδον
691 1805 732 1839 et
752 1793 1020 1850 θυμέλαι,
1051 1793 1313 1850 τράπεζαι
1328 1827 1339 1846 ,
1372 1792 1586 1849 ὀρχήσεις.
1618 1795 1720 1834 θυ-

305 1868 436 1923 μέλη
468 1866 615 1923 naz-25
645 1864 902 1921 τράπεζα.

382 1937 656 1989 Etymolog.
713 1935 860 1986 Magn.
910 1946 947 1985 p.
998 1932 1094 1975 458..
1145 1933 1211 1973 30.
1266 1929 1293 1986 ἦ
1337 1930 1432 1971 τοῦ
1475 1925 1650 1984 θεοίτρ
1665 1944 1721 1971 ου

307 2005 467 2058 μέχρι
499 2004 595 2045 νῦν
625 1999 730 2043 ἀπὸ
752 2002 840 2056 τῆς
859 1998 1126 2055 τραπέζης
1148 1997 1478 2054 ὠνόμασται·
1502 1997 1646 2052 παρὰ
1665 1997 1721 2038 τὸ

307 2068 389 2113 ἐπ’
421 2069 582 2126 αὐτῆς
612 2070 673 2111 τὰ
701 2067 808 2124 θύη
840 2066 1147 2124 μερίζεσθα
1161 2084 1193 2117 ι,
1225 2066 1422 2108 τούτεστι
1443 2065 1499 2106 τὰ
1520 2064 1723 2120 θυόμενα

195 2259 252 2292 Ion
276 2259 330 2292 46.
356 2258 431 2292 115.
456 2257 533 2291 235.
588 2256 726 2289 Electra
752 2255 829 2288 717.
887 2253 1036 2298 Iphigen.
1063 2254 1141 2287 Aul.
1181 2254 1255 2288 151.
1289 2253 1415 2296 plurali
1444 2253 1640 2297 plerumque
1665 2263 1724 2284 nu-

194 2326 298 2350 mero.
340 2315 462 2349 Aesch.
486 2314 602 2358 Suppl.
627 2314 705 2347 654.
746 2312 819 2345 Καὶ
841 2312 1029 2357 γεραροῖσι
1049 2304 1334 2356 πρεσβυτοδόκοι
1349 2305 1537 2354 γεμόντων
1559 2309 1726 2353 θυμέλαι,

196 2367 408 2417 φλεγόντων
435 2369 484 2413 θ’,
510 2368 558 2407 ὠς
581 2363 689 2407 πόλις
711 2365 751 2403 εὖ
774 2371 936 2413 νέμοιτο.

292 2430 316 2468 ¹)
342 2429 435 2463 Unde
460 2429 600 2461 fluxisse
625 2428 763 2460 videtur
787 2425 991 2467 significatio
1016 2425 1137 2466 iocosi,
1162 2435 1245 2468 quae
1271 2425 1363 2457 inest
1388 2424 1423 2456 in
1446 2423 1619 2465 adjectivo
1645 2425 1726 2455 θυ-

194 2483 386 2532 μελικός.
423 2484 474 2519 Cf.
488 2484 660 2518 Cramer
683 2483 836 2517 Anecd.
862 2483 1010 2516 Graec.
1037 2491 1055 2513 e
1080 2482 1210 2514 codic.
1236 2482 1477 2514 Parisiens.
1503 2479 1569 2511 vol
1596 2478 1621 2511 I.
1646 2490 1676 2522 p.
1694 2480 1724 2511 7.

189 2538 312 2577 ”Ιδιον
335 2541 373 2575 δὲ
397 2540 595 2586 κωμῳδίας
617 2541 685 2585 μὲν
707 2538 746 2573 τὸ
769 2541 996 2584 μεμιγμένον
1030 2537 1126 2582 ἔχειν
1154 2541 1226 2575 τοῖς
1249 2536 1446 2581 σκώμμασι
1469 2535 1615 2579 γέλωτα,
1640 2547 1727 2579 τρα-

195 2599 339 2645 γῳδίας
362 2598 399 2633 δὲ
425 2599 546 2640 πένθη
569 2599 630 2630 καὶ
656 2592 858 2643 συμφοράς.
907 2596 1100 2639 σατυρικῆς
1139 2594 1177 2628 δὲ
1213 2590 1254 2627 οὐ
1290 2592 1328 2627 τὸ
1366 2590 1444 2626 ἀπὸ
1482 2593 1642 2629 πένθοις
1677 2592 1728 2629 εἰς

194 2654 318 2703 χαρὰν
340 2655 524 2697 ἀπαντᾶν,
547 2652 596 2691 ὠς
619 2651 638 2687 ὁ
664 2651 874 2697 Εὐριπίδου
895 2649 1054 2698 Ὀρέστης
1084 2653 1143 2685 καὶ
1162 2649 1340 2694 Ἄλκηστις
1363 2652 1424 2683 καὶ
1448 2647 1469 2692 ἡ
1495 2649 1729 2693 Σοφοκλέους

195 2709 381 2759 ’,Ηλέκῐρα
416 2711 455 2745 ἐκ
477 2712 622 2758 μέρους,
658 2707 782 2755 ὥσπερ
816 2711 910 2746 τιιές
945 2718 1070 2754 φασιν,
1105 2705 1178 2742 ἀλλ’
1222 2705 1340 2752 ἀμιγῆ
1375 2709 1437 2740 καὶ
1467 2709 1642 2751 χαρίεντα
1666 2706 1727 2738 καὶ

198 2767 451 2814 θυμελικὸν
475 2767 567 2812 ἔχει
592 2769 774 2812 γέλωτα.
823 2766 896 2799 eod.
922 2778 951 2810 p.
978 2768 1010 2800 8.
1034 2767 1136 2802 τέλος
1160 2765 1198 2798 δὲ
1222 2763 1430 2809 τραγῳδίας
1452 2763 1522 2808 μὲν
1546 2757 1641 2796 λιειν
1663 2761 1729 2796 τὸν

199 2829 289 2869 βίον,
313 2824 509 2872 κωμῳδίας
534 2823 575 2859 δὲ
598 2825 771 2860 συνιστᾶν
794 2821 924 2864 αὐτὸν,
957 2823 1194 2869 σατιρικῆς
1217 2820 1260 2855 δὲ
1285 2815 1515 2856 τοιούτοις
1538 2819 1727 2864 θυμελι-

199 2885 296 2921 κοῖς
313 2884 662 2929 χαριεντισμοῖς
685 2877 960 2923 καθηδὺνειν
984 2874 1133 2913 αὐτόν.
