2014 3204
931 227 1238 266 -126-

330 348 464 384 vectus
495 342 548 382 ibi
579 347 758 383 mortuus
790 348 848 383 est
878 356 1010 394 senex,
1042 355 1258 396 nunquam,
1290 344 1418 394 credo,
1449 343 1619 387 Athenas
1649 359 1842 387 reversus.

331 413 408 452 Sed
439 412 618 465 quamvis
647 412 781 466 inepta
811 414 967 466 partim,
999 414 1140 465 partim
1171 413 1272 453 inter
1301 425 1343 453 se
1373 415 1582 465 pugnantia
1614 415 1713 464 sint,
1744 428 1843 469 quae

328 482 481 522 duobus
526 482 600 522 illis
647 482 788 522 Suidae
839 483 933 523 locis
978 483 1207 530 traduntur,
1267 495 1355 522 cum
1398 483 1439 522 in
1484 483 1667 524 omnibus
1711 488 1843 525 tamen

328 551 553 591 huiusmodi
584 552 898 600 narratiunculis,
944 564 1043 604 quae
1074 552 1122 592 de
1166 552 1318 603 magnis
1364 551 1455 592 viris
1499 552 1839 594 circumferuntur

327 619 471 672 aliquid
502 620 632 660 inesse
664 621 786 661 soleat
814 620 907 668 veri,
938 621 1033 661 haec
1063 621 1246 673 equidem
1290 633 1361 674 pro
1393 620 1509 661 certis
1549 622 1727 662 habenda
1758 634 1843 663 esse

328 688 525 741 existimo,
556 690 731 742 primum
762 690 1008 730 aedificatum
1040 703 1122 730 esse
1152 691 1349 730 theatrum
1380 690 1470 730 inde
1515 689 1562 730 ab
1594 691 1747 744 Olymp.
1778 691 1842 738 70,

329 758 471 798 deinde
504 771 656 799 causam
690 759 1003 812 qualemcunque
1039 759 1207 799 conferri
1250 760 1290 799 in
1321 759 1566 811 Aeschylum.
1626 759 1712 806 Quo
1741 764 1845 799 tem-

327 840 424 879 pore
454 840 544 867 cum
575 827 787 879 Aeschylus
818 827 879 867 vix
923 828 1010 880 plus
1056 828 1191 880 viginti
1222 828 1395 881 quinque
1425 840 1549 868 annos
1579 834 1680 868 esset
1709 833 1836 876 natus,

325 897 455 949 itaque
488 896 641 949 saepius
672 896 847 949 profecto
878 898 1055 938 nondum
1086 903 1222 950 posset
1251 898 1471 950 tragoedias
1511 898 1703 945 docuisse,
1746 892 1844 938 num

325 966 510 1006 luxuriari
541 966 658 1006 nimis
689 979 762 1006 nos
793 966 1016 1006 coniectura
1047 966 1274 1018 putabimur
1302 967 1548 1015 arbitrantes,
1592 979 1672 1007 non
1717 966 1843 1007 solum

324 1040 487 1088 propter
516 1035 694 1075 sedilium
740 1035 896 1075 illorum
940 1035 1094 1076 ruinam
1138 1036 1333 1076 theatrum
1378 1049 1463 1076 esse
1508 1036 1724 1082 conditum,
1772 1036 1844 1075 sed

324 1105 439 1143 etiam
471 1116 616 1144 novum
648 1104 753 1152 illud,
784 1104 887 1156 quod
917 1104 1093 1157 Aeschyli
1127 1105 1329 1156 ingenium
1375 1105 1605 1157 excogitavit
1649 1105 1841 1145 dramati-

325 1187 402 1220 cae,
433 1179 477 1213 ut
506 1173 556 1213 ita
587 1173 724 1220 dicam,
755 1172 977 1224 tragoediae
1005 1186 1143 1225 genus,
1173 1185 1338 1213 nascens
1369 1174 1485 1213 modo
1516 1179 1633 1226 atque
1663 1185 1842 1214 crescens

323 1242 461 1290 indies,
491 1254 757 1295 magnumque
788 1241 891 1294 quod
923 1241 1058 1281 habuit
1093 1241 1196 1293 apud
1240 1242 1429 1294 populum
1471 1243 1698 1296 applausum
1743 1243 1839 1283 effe-

325 1311 471 1362 cisse¹)‚
501 1317 546 1351 ut
576 1311 654 1350 iam
685 1310 1012 1362 magnificentiori
1033 1310 1211 1362 Aeschyli
1242 1311 1464 1362 tragoediae
1495 1311 1676 1364 amplius,
1710 1312 1846 1364 splen-

324 1380 462 1429 didius,
508 1380 678 1432 denique
707 1379 885 1431 Aeschyli
930 1391 1041 1419 musa
1087 1379 1238 1430 dignius
1284 1380 1498 1419 aedificium
1544 1378 1844 1422 exstrueretur?

322 1450 420 1490 Nam
451 1449 525 1489 etsi
555 1451 776 1501 perfectum
820 1461 905 1488 esse
934 1448 1030 1488 illud
1074 1449 1270 1489 theatrum
1315 1461 1384 1501 per
1413 1449 1636 1502 Lycurgum,
1680 1450 1842 1490 demum

322 1519 517 1558 rhetorem
563 1518 745 1558 audimus
790 1517 1018 1570 (Pausan.
1059 1517 1088 1556 Ι.
1121 1517 1184 1556 29.
1221 1517 1285 1557 16.
1331 1515 1557 1558 ἐπετέλεσε
1600 1516 1679 1571 μὲν
1725 1519 1843 1565 (Λυ-

323 1586 523 1642 κοῦργος)
555 1585 602 1627 τὸ
634 1588 841 1640 θέατρον,
864 1584 1021 1639 ἑτέρων
1051 1580 1423 1640 ὑπαρξαμένωνῖ),
1454 1592 1588 1627 tamen
1608 1586 1840 1640 praecipuae

323 1657 404 1697 eius
435 1662 577 1709 partes,
608 1656 739 1696 sedilia
771 1660 1048 1708 spectatorum,
1081 1656 1293 1704 orchestra,
1325 1668 1466 1696 scaena
1496 1656 1602 1696 brevi
1635 1669 1759 1708 usquc
1791 1667 1838 1695 eo

323 1731 537 1778 potuerunt
567 1738 652 1765 esse
668 1725 790 1773 finita,
822 1730 865 1764 ut
895 1729 935 1780 et
954 1724 1118 1764 aliorum
1149 1729 1186 1764 et
1217 1725 1392 1777 Aeschyli
1422 1725 1576 1765 fabulae
1593 1725 1839 1767 docerentur.

326 1795 595 1835 Exornabatur
624 1800 754 1834 autem
786 1794 872 1833 sine
902 1794 1019 1834 dubio
1051 1798 1179 1834 totum
1210 1793 1332 1845 magis
1363 1794 1565 1846 magisque
1610 1793 1840 1841 aedificium,

324 1877 401 1917 quo
432 1864 577 1905 maiora
623 1863 749 1903 indies
792 1863 1032 1903 incrementa
1079 1862 1282 1915 capiebant
1326 1868 1441 1902 artes.
1500 1862 1596 1904 Nam
1643 1863 1841 1915 quomodo

324 1933 415 1973 satis
461 1945 634 1985 unquam
679 1932 939 1972 Athenienses
990 1933 1172 1972 decorare
1217 1937 1399 1984 poterant
1446 1931 1643 1971 theatrum
1689 1930 1840 1972 suum?

323 2002 423 2049 Quid
455 2000 592 2041 enim‘?
651 2001 790 2040 Nonne
820 2001 860 2040 in
891 2002 1043 2041 theatro
1074 2000 1304 2040 immortalia
1341 2000 1514 2052 ipsorum
1562 2002 1661 2040 facta
1705 2001 1838 2041 claris-

322 2071 419 2110 sime
450 2075 542 2111 sunt
571 2068 793 2111 illustrata?
850 2070 1117 2110 Theatrumnc
1148 2082 1407 2115 summorum,
1454 2069 1519 2121 qui
1557 2069 1658 2121 apud
1689 2074 1839 2108 veteres

322 2153 498 2192 unquam
529 2140 702 2189 fuerunt,
734 2144 940 2192 poetarum
986 2138 1164 2179 excitavit
1207 2138 1371 2189 ingenia,
1417 2150 1518 2190 quae
1562 2137 1698 2189 quanti
1740 2139 1839 2178 facta

417 2330 442 2370 ¹)
468 2328 619 2371 Quantus
650 2333 727 2361 aute
764 2328 933 2360 theatrum
964 2337 981 2360 e
1013 2337 1093 2360 saxo
1132 2331 1339 2359 exstructum
1370 2324 1476 2358 fuerit
1508 2326 1732 2369 spectantium
1756 2336 1839 2358 con-

323 2397 459 2427 cursus,
490 2386 717 2426 intellegimus
743 2396 785 2418 cx
823 2384 955 2417 schol.
995 2384 1034 2416 ad
1066 2383 1238 2416 Lucian.
1265 2384 1418 2416 Timon.
1446 2395 1473 2415 c.
1499 2383 1552 2418 49.
1578 2379 1775 2421 ἐσπούδαζε
1797 2379 1836 2414 τὸ

321 2439 474 2490 ἀρχαῖον
497 2440 519 2485 ἡ
543 2444 615 2476 τῶν
631 2439 832 2484 Ἀθηναίων
855 2436 960 2479 πόλις
994 2442 1078 2488 περὶ
1102 2439 1146 2474 τὰ
1183 2442 1340 2487 θ-εωρεῖα
1380 2441 1440 2474 καὶ
1469 2435 1629 2484 μάλιστα
1660 2440 1744 2483 περὶ
1774 2436 1838 2476 τὰς

321 2502 410 2537 θέας
432 2499 504 2533 τῶν
527 2501 735 2534 Διονυσίων
759 2497 822 2532 διὰ
847 2497 911 2542 τὴν
935 2498 1139 2546 τραγῳδίαν
1154 2499 1215 2533 ἐπὶ
1232 2500 1408 2532 πλεῖστον
1422 2496 1629 2542 ἀξιώματος
1645 2497 1839 2544 προβᾶσαν

322 2558 483 2601 ποιητῶν
506 2553 646 2602 ἀρεταῖς
671 2558 732 2590 καὶ
751 2558 920 2604 χορηγῶν
944 2558 1182 2602 φιλοτιμίαις·
1205 2552 1316 2602 μήπω
1340 2555 1377 2589 δὲ
1401 2556 1463 2589 τοῦ
1485 2553 1639 2601 θεάτρου
1664 2551 1723 2587 διὰ
1745 2555 1840 2587 λιθί-

322 2627 397 2650 νων
429 2616 761 2660 κατεσκευασμένου
785 2616 846 2647 καὶ
881 2610 1102 2662 συῤῥεόντων
1135 2615 1208 2649 τῶν
1232 2609 1437 2660 ἀνθρώπων
1470 2612 1532 2647 ἐπὶ
1565 2611 1629 2655 τὴν
1663 2612 1755 2645 θέαν
1777 2611 1838 2644 καὶ

320 2670 449 2710 νυκτὸς
473 2670 556 2710 τοὺς
578 2668 715 2709 τόπους
738 2667 1084 2717 καταλαμβανόντων
1107 2668 1271 2716 ὀχλήσεις
1293 2682 1328 2704 τε
1351 2669 1536 2715 ἐγίγνοντο
1554 2671 1613 2704 καὶ
1635 2666 1754 2714 μάχαι
1777 2669 1837 2702 καὶ

324 2732 470 2774 πληγαί.
518 2729 566 2763 Cf.
592 2730 792 2774 Geppert,
818 2731 871 2763 die
897 2730 1156 2770 altgriechische
1181 2730 1292 2762 Biihne
1320 2729 1416 2762 1843.
1444 2739 1473 2771 p.
1502 2729 1575 2761 109.

414 2788 439 2830 ²)
465 2787 514 2821 Cf.
540 2788 744 2832 Hyperid.
773 2788 813 2820 ad
839 2788 954 2830 Apsin.
979 2799 1011 2830 p.
1036 2788 1110 2821 708.
1138 2787 1250 2820 Rhett.
1274 2786 1333 2818 IX.
1359 2786 1435 2818 545.
1461 2790 1495 2819 et
1517 2786 1586 2818 vit.
1606 2785 1639 2817 X
1656 2785 1835 2817 Oratorum

323 2857 352 2888 p.
378 2846 453 2879 841.
480 2857 507 2878 c.
532 2846 592 2878 καὶ
615 2843 655 2878 τὸ
681 2844 719 2879 ἐν
742 2841 926 2878 Διονύσου
950 2846 1110 2889 θέατρον
1134 2843 1334 2878 ἐπιστατῶν
1356 2838 1564 2886 ἐτελεύτησε.
1613 2844 1655 2884 (e,
1681 2841 1733 2874 01.
1762 2841 1835 2876 109.

325 2902 366 2936 cs.
393 2904 444 2935 Bo
461 2903 580 2943 eckh,
605 2903 659 2935 die
686 2903 1024 2943 staatshaushaltung
1047 2903 1078 2934 d.
1103 2902 1179 2934 Ath.
1203 2900 1224 2933 l.
1252 2913 1269 2943 p
1306 2901 1382 2933 468.
1409 2901 1480 2941 09.)
