2014 3204
1046 859 1090 908 I.

787 955 887 1008 De
958 953 1349 1020 thymele.

415 1075 470 1114 De
502 1074 674 1126 thymele
696 1072 940 1123 scripserunt
962 1070 1211 1119 Genellius1)‚
1243 1071 1287 1110 G.
1310 1072 1608 1123 Hermannus2),
1639 1073 1682 1112 Ο.
1706 1072 1829 1112 Muel-

301 1142 459 1191 lerus³).
522 1141 599 1188 Qui
630 1153 719 1180 cum
752 1152 891 1179 omnes
923 1140 1016 1179 satis
1052 1139 1222 1178 habeant
1252 1139 1477 1191 inquirere,
1514 1140 1556 1179 in
1588 1141 1829 1181 Graecorum

302 1212 456 1250 theatro
488 1222 587 1262 quae
618 1208 737 1248 fuerit
782 1207 901 1255 rane,
948 1219 1087 1259 operae
1124 1207 1278 1247 videtur
1322 1221 1409 1247 esse
1453 1209 1646 1260 pretium,
1691 1221 1829 1248 omnes

301 1278 419 1318 liuius
451 1278 556 1317 vocis
587 1276 698 1329 quasi
730 1275 918 1327 quasdam
950 1275 1238 1315 vicissitudines
1280 1276 1463 1328 deinceps
1508 1277 1702 1329 persequi.
1762 1276 1832 1316 Est

303 1347 407 1387 enim
450 1345 647 1386 artissime
685 1344 896 1384 coniuncta
933 1343 1018 1383 eius
1050 1343 1212 1383 historia
1243 1356 1332 1383 cum
1364 1344 1548 1384 dramatis
1592 1344 1718 1396 ipsius
1747 1344 1832 1397 pri-

303 1414 477 1462 mordiis,
508 1425 732 1466 progressu,
762 1411 938 1459 interitu,
974 1411 1050 1460 ita,
1099 1417 1140 1451 ut
1184 1411 1353 1452 invicem
1399 1412 1473 1451 sibi
1517 1413 1646 1452 lucem
1690 1413 1831 1453 afferre

302 1483 518 1523 videantur.

415 1550 465 1590 Et
496 1549 687 1601 originem
721 1548 879 1600 quidem
913 1548 1030 1587 huius
1061 1548 1167 1588 vocis
1189 1548 1407 1588 ducendam
1440 1560 1525 1588 esse
1555 1561 1575 1588 a
1605 1546 1731 1589 θύειν
1761 1561 1830 1588 vo-

302 1618 565 1669 cabulumque
594 1616 723 1668 ipsum
756 1628 863 1655 aram
894 1615 1136 1667 significare,
1169 1621 1213 1656 ut
1242 1616 1356 1655 facile
1386 1616 1646 1667 intellegitur,
1677 1617 1734 1657 sic
1763 1629 1832 1657 ve-

303 1692 431 1726 terum
464 1698 621 1738 quoque
653 1684 893 1736 scriptorum
922 1684 1160 1723 testimoniis
1192 1684 1285 1724 satis
1316 1681 1606 1736 comprobatur.

418 1754 571 1794 Schol.
604 1753 670 1792 ad.
703 1751 901 1792 Lueian.
941 1752 997 1791 de
1037 1751 1314 1792 saltatione
1355 1766 1386 1792 c.
1426 1753 1490 1792 76.
1538 1751 1776 1807 θυμέλη,
1808 1751 1832 1794 ὁ

418 1820 622 1875 βωμὸς,
655 1817 761 1860 ἀπὸ
802 1819 900 1860 τοῦ
929 1815 1107 1859 θύειν.
1169 1820 1301 1860 Suid.
1344 1834 1375 1860 V.
1417 1822 1694 1875 κονίστρα’
1737 1815 1831 1862 ἔστι

419 1888 468 1929 δὲ
497 1887 607 1941 μετὰ
637 1887 712 1942 τήν
743 1884 985 1942 ὀρχήστραν
1015 1886 1164 1941 βωμός
1193 1887 1271 1928 τοῦ
1302 1886 1526 1929 Διονύσου
1557 1885 1603 1935 ὃς
1633 1887 1833 1929 καλεῖται

418 1955 633 2011 θυμέλη
665 1955 815 2010 παρὰ
845 1954 901 1996 τὸ
930 1952 1108 1996 θύειν.
1160 1956 1368 1996 Cramer.
1401 1957 1636 1997 Anecdot.
1670 1957 1831 1998 Graec.

421 2040 442 2066 e
465 2025 672 2066 Codicibus
694 2038 789 2065 msc.
811 2025 905 2064 bibl.
928 2024 1053 2064 Oxou.
1076 2024 1120 2063 T.
1142 2024 1187 2063 ΙΙ.
1210 2037 1247 2076 p.
1278 2024 1373 2064 449.
1400 2025 1464 2066 18.
1491 2023 1747 2078 θυμέλαι·
1779 2022 1832 2064 οἳ

420 2092 596 2146 βωμοὶ
648 2090 757 2133 ἀπὸ
807 2093 900 2133 τοῦ
948 2089 1224 2140 θύεσθαι,
1265 2090 1291 2146 ἢ
1325 2094 1612 2133 τίθεσθαι.
1689 2092 1831 2134 Bekk.

421 2162 599 2201 Anecd.
634 2162 662 2200 Ι.
694 2174 733 2213 p.
767 2160 832 2200 42.
865 2159 931 2200 43.
963 2160 1040 2201 νῦν
1074 2158 1154 2213 μὲν
1185 2159 1384 2215 θυμέλην
1413 2159 1626 2214 καλοῦμεν
1654 2159 1729 2215 τὴν
1757 2161 1836 2200 τοῦ

417 2223 615 2283 θεάτρου
661 2226 844 2283 σκηνήν,
890 2227 978 2268 καὶ
1012 2226 1159 2269 ἔοικε
1188 2227 1333 2283 παρα
1362 2228 1418 2269 τὸ
1446 2225 1614 2270 θύειν
1643 2227 1833 2282 κεκλῆ-

419 2298 556 2337 σθαι
598 2292 621 2337 ὁ
662 2295 830 2344 τόπος
860 2290 1068 2349 οὖτος.4)

398 2433 426 2475 ¹)
454 2434 602 2475 Genelli,
629 2434 660 2467 d.
685 2434 833 2466 Theater
858 2445 900 2466 zu
924 2433 1046 2475 Athen,
1071 2444 1102 2476 p.
1129 2433 1183 2466 72.

397 2491 422 2531 ²)
449 2491 631 2524 Hermanni
656 2491 828 2534 opuscula.
876 2490 914 2523 Τ.
940 2489 994 2524 VI.
1021 2501 1050 2534 p.
1080 2490 1154 2524 145.
1181 2502 1251 2535 sqq.

398 2548 423 2588 ³)
450 2546 493 2581 li.
510 2547 549 2580 Ο.
564 2548 723 2590 Mueller,
741 2548 930 2591 Aeschylos
959 2547 1176 2590 Eumeniden,
1202 2559 1231 2591 p.
1258 2548 1310 2582 81.
1339 2553 1373 2580 et
1389 2547 1531 2589 Anhang
1556 2558 1595 2579 zu
1620 2549 1692 2580 dem
1710 2548 1834 2581 Buche:

308 2605 499 2647 Aeschylos
517 2604 735 2646 Eumeniden,
760 2615 791 2646 p.
817 2604 872 2635 35.
891 2615 962 2646 squ.
1013 2605 1072 2645 [De
1104 2605 1289 2638 Wieseleri
1319 2605 1426 2637 libro:
1451 2604 1585 2646 „Ueber
1601 2604 1654 2637 die
1671 2604 1834 2648 Thymele

308 2663 366 2693 (les
383 2662 617 2702 griechischen
635 2660 812 2693 Theaters.
850 2661 935 2693 Eine
955 2662 1234 2703 archiiologisehe
1251 2661 1484 2702 Abhandlung.
1518 2661 1704 2703 Gottingen
1725 2661 1834 2695 1847“

307 2716 348 2749 ef.
375 2728 457 2760 quae
483 2718 515 2749 in
543 2728 685 2750 censura
710 2728 783 2750 mea
809 2718 970 2760 exposui.]

398 2772 427 2814 ¹)
453 2773 521 2806 Hae
546 2783 626 2806 arae
651 2774 900 2815 significatione
934 2774 1087 2817 praedita
1112 2774 1287 2807 invenitur
1317 2774 1350 2806 in
1382 2775 1444 2815 iis,
1475 2785 1558 2817 quos
1582 2774 1620 2807 Ο.
1646 2772 1833 2807 Muellerus

311 2830 471 2870 eontulit,
509 2830 740 2862 scaenicorum
777 2835 951 2873 poetarum
986 2831 1082 2863 loeis.
1130 2831 1249 2874 Eurip.
1281 2831 1393 2873 Suppl.
1431 2831 1485 2863 65.
1522 2828 1634 2867 ὁσίως
1658 2828 1736 2874 οὔχ,
1770 2827 1834 2864 ὑπ’

310 2884 475 2929 ἀνάγκας
500 2885 538 2918 δὲ
564 2889 846 2932 προςπίπτουσα
870 2883 1100 2934 προςαιϊοῦσ’
1141 2886 1272 2931 ἔμολον
1297 2881 1512 2934 δεξιπύρους
1539 2886 1642 2921 θεῶνΙ
1665 2888 1833 2931 θυμέλας.
