<?xml version="1.0" encoding="UTF-8"?>
<!DOCTYPE html PUBLIC "-//W3C//DTD XHTML 1.0 Transitional//EN"
    "http://www.w3.org/TR/xhtml1/DTD/xhtml1-transitional.dtd">
<html xmlns="http://www.w3.org/1999/xhtml" xml:lang="en" lang="en">
 <head>
  <title>
</title>
<meta http-equiv="Content-Type" content="text/html;charset=utf-8" />
  <meta name='ocr-system' content='tesseract 3.04.00' />
  <meta name='ocr-capabilities' content='ocr_page ocr_carea ocr_par ocr_line ocrx_word'/>
</head>
<body>
  <div class='ocr_page' id='page_1' title='image "./scaenicacollecta00sommuoft_0248.png"; bbox 0 0 2014 3204; ppageno 0'>
   <div class='ocr_carea' id='block_1_1' title="bbox 901 210 1209 252">
    <p class='ocr_par' dir='ltr' id='par_1_1' title="bbox 901 210 1209 252">
     <span class='ocr_line' id='line_1_1' title="bbox 901 210 1209 252; baseline 0.006 -2"><span class='ocrx_word' id='word_1_1' title='bbox 901 210 1096 252; x_wconf 83' lang='lat'><strong>-236</strong></span> <span class='ocrx_word' id='word_1_2' title='bbox 1162 234 1209 240; x_wconf 90' lang='lat'><em>-</em></span> 
     </span>
    </p>
   </div>
   <div class='ocr_carea' id='block_1_2' title="bbox 295 327 1849 2572">
    <p class='ocr_par' dir='ltr' id='par_1_2' title="bbox 295 327 1849 2229">
     <span class='ocr_line' id='line_1_2' title="bbox 295 327 1816 380; baseline 0.001 -11"><span class='ocrx_word' id='word_1_3' title='bbox 295 329 369 369; x_wconf 88' lang='lat' dir='ltr'>sib</span> <span class='ocrx_word' id='word_1_4' title='bbox 384 328 395 368; x_wconf 87' lang='lat' dir='ltr'>i</span> <span class='ocrx_word' id='word_1_5' title='bbox 428 334 496 369; x_wconf 88' lang='lat' dir='ltr'>att</span> <span class='ocrx_word' id='word_1_6' title='bbox 510 329 604 368; x_wconf 92' lang='lat' dir='ltr'>ulis</span> <span class='ocrx_word' id='word_1_7' title='bbox 619 341 666 368; x_wconf 91' lang='lat' dir='ltr'>se</span> <span class='ocrx_word' id='word_1_8' title='bbox 697 328 997 368; x_wconf 81' lang='lat' dir='ltr'>histrionum</span> <span class='ocrx_word' id='word_1_9' title='bbox 1028 333 1184 369; x_wconf 90' lang='lat' dir='ltr'>artem</span> <span class='ocrx_word' id='word_1_10' title='bbox 1216 334 1264 368; x_wconf 81' lang='lat' dir='ltr'>et</span> <span class='ocrx_word' id='word_1_11' title='bbox 1294 333 1451 368; x_wconf 90' lang='lat' dir='ltr'>artem</span> <span class='ocrx_word' id='word_1_12' title='bbox 1481 327 1733 380; x_wconf 85' lang='lat' dir='ltr'>fingendi,</span> <span class='ocrx_word' id='word_1_13' title='bbox 1763 328 1816 370; x_wconf 88' lang='lat' dir='ltr'>ita</span> 
     </span>
     <span class='ocr_line' id='line_1_3' title="bbox 297 396 1815 450; baseline 0.001 -13"><span class='ocrx_word' id='word_1_14' title='bbox 297 403 339 437; x_wconf 86' lang='lat' dir='ltr'>ut</span> <span class='ocrx_word' id='word_1_15' title='bbox 371 397 705 450; x_wconf 83' lang='lat' dir='ltr'>quemadmodum</span> <span class='ocrx_word' id='word_1_16' title='bbox 737 396 1035 449; x_wconf 80' lang='lat' dir='ltr'>antiquioribus,</span> <span class='ocrx_word' id='word_1_17' title='bbox 1066 397 1245 450; x_wconf 84' lang='lat' dir='ltr'><strong>Aeschyli</strong></span> <span class='ocrx_word' id='word_1_18' title='bbox 1274 397 1527 450; x_wconf 89' lang='lat' dir='ltr'>potissimum</span> <span class='ocrx_word' id='word_1_19' title='bbox 1557 397 1815 450; x_wconf 82' lang='lat' dir='ltr'>temporibus,</span> 
     </span>
     <span class='ocr_line' id='line_1_4' title="bbox 296 465 1818 518; baseline 0.001 -13"><span class='ocrx_word' id='word_1_20' title='bbox 296 466 467 518; x_wconf 86' lang='lat' dir='ltr'>fingendi</span> <span class='ocrx_word' id='word_1_21' title='bbox 489 478 551 506; x_wconf 92' lang='lat' dir='ltr'>ars</span> <span class='ocrx_word' id='word_1_22' title='bbox 573 466 813 506; x_wconf 87' lang='lat' dir='ltr'>histrionum</span> <span class='ocrx_word' id='word_1_23' title='bbox 845 465 1008 506; x_wconf 87' lang='lat' dir='ltr'>artificio</span> <span class='ocrx_word' id='word_1_24' title='bbox 1038 467 1201 506; x_wconf 72' lang='lat' dir='ltr'>mirifice</span> <span class='ocrx_word' id='word_1_25' title='bbox 1231 471 1343 506; x_wconf 88' lang='lat' dir='ltr'>aucta</span> <span class='ocrx_word' id='word_1_26' title='bbox 1375 470 1446 513; x_wconf 89' lang='lat' dir='ltr'>est,</span> <span class='ocrx_word' id='word_1_27' title='bbox 1477 467 1533 506; x_wconf 91' lang='lat' dir='ltr'>sic</span> <span class='ocrx_word' id='word_1_28' title='bbox 1561 470 1818 518; x_wconf 80' lang='lat' dir='ltr'>posteaquam</span> 
     </span>
     <span class='ocr_line' id='line_1_5' title="bbox 297 534 1819 587; baseline 0.001 -13"><span class='ocrx_word' id='word_1_29' title='bbox 297 535 457 576; x_wconf 82' lang='lat' dir='ltr'>Periclis</span> <span class='ocrx_word' id='word_1_30' title='bbox 488 539 615 575; x_wconf 83' lang='lat' dir='ltr'>aetate</span> <span class='ocrx_word' id='word_1_31' title='bbox 645 547 860 587; x_wconf 88' lang='lat' dir='ltr'>permagna</span> <span class='ocrx_word' id='word_1_32' title='bbox 891 535 995 587; x_wconf 89' lang='lat' dir='ltr'>cepit</span> <span class='ocrx_word' id='word_1_33' title='bbox 1035 535 1281 575; x_wconf 84' lang='lat' dir='ltr'>incrementa</span> <span class='ocrx_word' id='word_1_34' title='bbox 1313 534 1594 575; x_wconf 80' lang='lat' dir='ltr'>statuariorum</span> <span class='ocrx_word' id='word_1_35' title='bbox 1632 547 1694 575; x_wconf 90' lang='lat' dir='ltr'>ars</span> <span class='ocrx_word' id='word_1_36' title='bbox 1707 566 1716 583; x_wconf 94' lang='lat'>‚</span> <span class='ocrx_word' id='word_1_37' title='bbox 1751 535 1819 575; x_wconf 91' lang='lat' dir='ltr'>hi-</span> 
     </span>
     <span class='ocr_line' id='line_1_6' title="bbox 296 602 1818 657; baseline 0.001 -14"><span class='ocrx_word' id='word_1_38' title='bbox 296 604 458 643; x_wconf 88' lang='lat' dir='ltr'>strionis</span> <span class='ocrx_word' id='word_1_39' title='bbox 488 605 656 644; x_wconf 89' lang='lat' dir='ltr'>invicem</span> <span class='ocrx_word' id='word_1_40' title='bbox 687 609 946 657; x_wconf 84' lang='lat' dir='ltr'>sequerentur</span> <span class='ocrx_word' id='word_1_41' title='bbox 975 603 1220 656; x_wconf 87' lang='lat' dir='ltr'>sculptorum</span> <span class='ocrx_word' id='word_1_42' title='bbox 1251 602 1421 654; x_wconf 88' lang='lat' dir='ltr'>vestigia.</span> <span class='ocrx_word' id='word_1_43' title='bbox 1483 604 1597 651; x_wconf 86' lang='lat' dir='ltr'>Quod</span> <span class='ocrx_word' id='word_1_44' title='bbox 1643 605 1674 644; x_wconf 90' lang='lat' dir='ltr'>si</span> <span class='ocrx_word' id='word_1_45' title='bbox 1711 607 1818 644; x_wconf 86' lang='lat' dir='ltr'>recte</span> 
     </span>
     <span class='ocr_line' id='line_1_7' title="bbox 295 671 1818 725; baseline 0 -14"><span class='ocrx_word' id='word_1_46' title='bbox 295 685 336 711; x_wconf 90' lang='lat' dir='ltr'>se</span> <span class='ocrx_word' id='word_1_47' title='bbox 369 672 484 713; x_wconf 85' lang='lat' dir='ltr'>habet</span> <span class='ocrx_word' id='word_1_48' title='bbox 494 702 503 718; x_wconf 89' lang='lat'>,</span> <span class='ocrx_word' id='word_1_49' title='bbox 534 673 637 713; x_wconf 88' lang='lat' dir='ltr'>haud</span> <span class='ocrx_word' id='word_1_50' title='bbox 669 673 884 712; x_wconf 80' lang='lat' dir='ltr'>admodum</span> <span class='ocrx_word' id='word_1_51' title='bbox 917 686 936 711; x_wconf 88' lang='lat' dir='ltr'>a</span> <span class='ocrx_word' id='word_1_52' title='bbox 969 685 1060 712; x_wconf 90' lang='lat' dir='ltr'>vero</span> <span class='ocrx_word' id='word_1_53' title='bbox 1099 672 1278 712; x_wconf 90' lang='lat' dir='ltr'>videmur</span> <span class='ocrx_word' id='word_1_54' title='bbox 1314 671 1498 712; x_wconf 85' lang='lat' dir='ltr'>aberrare</span> <span class='ocrx_word' id='word_1_55' title='bbox 1513 701 1522 719; x_wconf 88' lang='lat'>,</span> <span class='ocrx_word' id='word_1_56' title='bbox 1560 672 1593 711; x_wconf 92' lang='lat' dir='ltr'>si</span> <span class='ocrx_word' id='word_1_57' title='bbox 1633 685 1731 725; x_wconf 87' lang='lat' dir='ltr'>quae</span> <span class='ocrx_word' id='word_1_58' title='bbox 1770 672 1818 711; x_wconf 90' lang='lat' dir='ltr'>de</span> 
     </span>
     <span class='ocr_line' id='line_1_8' title="bbox 299 740 1819 793; baseline 0.001 -14"><span class='ocrx_word' id='word_1_59' title='bbox 299 740 415 792; x_wconf 85' lang='lat' dir='ltr'>Hegia</span> <span class='ocrx_word' id='word_1_60' title='bbox 447 741 566 781; x_wconf 88' lang='lat' dir='ltr'>Critio</span> <span class='ocrx_word' id='word_1_61' title='bbox 599 741 760 781; x_wconf 91' lang='lat' dir='ltr'>Nesiote</span> <span class='ocrx_word' id='word_1_62' title='bbox 789 740 1052 793; x_wconf 88' lang='lat' dir='ltr'>sculptoribus</span> <span class='ocrx_word' id='word_1_63' title='bbox 1063 772 1072 789; x_wconf 93' lang='lat'>,</span> <span class='ocrx_word' id='word_1_64' title='bbox 1112 741 1290 793; x_wconf 79' lang='lat' dir='ltr'>Aeschyli</span> <span class='ocrx_word' id='word_1_65' title='bbox 1321 740 1546 793; x_wconf 84' lang='lat' dir='ltr'>aequalibus</span> <span class='ocrx_word' id='word_1_66' title='bbox 1561 772 1570 788; x_wconf 98' lang='lat'>,</span> <span class='ocrx_word' id='word_1_67' title='bbox 1608 741 1819 781; x_wconf 86' lang='lat' dir='ltr'>traduntur</span> 
     </span>
     <span class='ocr_line' id='line_1_9' title="bbox 299 806 1821 863; baseline 0.001 -15"><span class='ocrx_word' id='word_1_68' title='bbox 299 821 319 847; x_wconf 87' lang='lat' dir='ltr'>a</span> <span class='ocrx_word' id='word_1_69' title='bbox 356 809 423 849; x_wconf 91' lang='lat' dir='ltr'>Lu</span> <span class='ocrx_word' id='word_1_70' title='bbox 436 809 504 849; x_wconf 86' lang='lat' dir='ltr'>cia</span> <span class='ocrx_word' id='word_1_71' title='bbox 517 822 542 849; x_wconf 91' lang='lat' dir='ltr'>n</span> <span class='ocrx_word' id='word_1_72' title='bbox 556 823 578 849; x_wconf 94' lang='lat' dir='ltr'>o</span> <span class='ocrx_word' id='word_1_73' title='bbox 616 809 765 849; x_wconf 86' lang='lat' dir='ltr'>rhetor.</span> <span class='ocrx_word' id='word_1_74' title='bbox 807 815 1002 862; x_wconf 85' lang='lat' dir='ltr'>praecept.</span> <span class='ocrx_word' id='word_1_75' title='bbox 1043 823 1075 850; x_wconf 87' lang='lat' dir='ltr'>c.</span> <span class='ocrx_word' id='word_1_76' title='bbox 1117 810 1154 849; x_wconf 86' lang='lat'>9.</span> <span class='ocrx_word' id='word_1_77' title='bbox 1203 806 1299 849; x_wconf 76' lang='grc' dir='ltr'><strong><em>εἶτα</em></strong></span> <span class='ocrx_word' id='word_1_78' title='bbox 1338 819 1387 849; x_wconf 82' lang='grc' dir='ltr'>σε</span> <span class='ocrx_word' id='word_1_79' title='bbox 1428 807 1622 849; x_wconf 78' lang='grc' dir='ltr'><strong><em>κελεύσει</em></strong></span> <span class='ocrx_word' id='word_1_80' title='bbox 1666 806 1821 863; x_wconf 84' lang='grc' dir='ltr'><em>ζηλοῦν</em></span> 
     </span>
     <span class='ocr_line' id='line_1_10' title="bbox 299 874 1820 932; baseline 0.001 -16"><span class='ocrx_word' id='word_1_81' title='bbox 299 874 492 924; x_wconf 74' lang='grc' dir='ltr'><strong><em>ἐκείνους</em></strong></span> <span class='ocrx_word' id='word_1_82' title='bbox 522 876 621 925; x_wconf 76' lang='grc' dir='ltr'><strong><em>τοὺς</em></strong></span> <span class='ocrx_word' id='word_1_83' title='bbox 652 874 861 931; x_wconf 76' lang='grc' dir='ltr'><em>ἀρχαίους</em></span> <span class='ocrx_word' id='word_1_84' title='bbox 892 876 1054 932; x_wconf 81' lang='grc' dir='ltr'><strong><em>ἄνδρας</em></strong></span> <span class='ocrx_word' id='word_1_85' title='bbox 1096 876 1210 918; x_wconf 73' lang='grc' dir='ltr'><strong><em>ἕωλα</em></strong></span> <span class='ocrx_word' id='word_1_86' title='bbox 1249 876 1590 931; x_wconf 78' lang='grc' dir='ltr'><strong><em>παραδείγματα</em></strong></span> <span class='ocrx_word' id='word_1_87' title='bbox 1626 891 1820 929; x_wconf 86' lang='grc' dir='ltr'><strong><em>παρατι-</em></strong></span> 
     </span>
     <span class='ocr_line' id='line_1_11' title="bbox 295 941 1820 1001; baseline 0.001 -17"><span class='ocrx_word' id='word_1_88' title='bbox 295 943 397 993; x_wconf 76' lang='grc' dir='ltr'>θεὶς</span> <span class='ocrx_word' id='word_1_89' title='bbox 437 946 521 987; x_wconf 80' lang='grc' dir='ltr'><strong><em>τῶν</em></strong></span> <span class='ocrx_word' id='word_1_90' title='bbox 556 943 698 997; x_wconf 77' lang='grc' dir='ltr'><strong><em>λόγων</em></strong></span> <span class='ocrx_word' id='word_1_91' title='bbox 736 943 786 986; x_wconf 80' lang='grc' dir='ltr'>οὔ</span> <span class='ocrx_word' id='word_1_92' title='bbox 822 941 959 1001; x_wconf 74' lang='grc' dir='ltr'><strong><em>ῥᾴδια</em></strong></span> <span class='ocrx_word' id='word_1_93' title='bbox 995 948 1264 1000; x_wconf 73' lang='grc' dir='ltr'><strong><em>μιμεῖσθαι,</em></strong></span> <span class='ocrx_word' id='word_1_94' title='bbox 1309 944 1383 986; x_wconf 86' lang='grc' dir='ltr'>οἶα</span> <span class='ocrx_word' id='word_1_95' title='bbox 1421 945 1475 986; x_wconf 77' lang='grc' dir='ltr'>τα</span> <span class='ocrx_word' id='word_1_96' title='bbox 1511 946 1587 1001; x_wconf 82' lang='grc' dir='ltr'>τῆς</span> <span class='ocrx_word' id='word_1_97' title='bbox 1623 945 1820 994; x_wconf 82' lang='grc' dir='ltr'><strong><em>παλαιᾶς</em></strong></span> 
     </span>
     <span class='ocr_line' id='line_1_12' title="bbox 295 1009 1817 1070; baseline 0.001 -16"><span class='ocrx_word' id='word_1_98' title='bbox 295 1009 505 1068; x_wconf 76' lang='grc' dir='ltr'><strong><em>ἐργασίας</em></strong></span> <span class='ocrx_word' id='word_1_99' title='bbox 534 1011 670 1063; x_wconf 75' lang='grc' dir='ltr'><strong><em>ἐστίν,</em></strong></span> <span class='ocrx_word' id='word_1_100' title='bbox 699 1011 859 1065; x_wconf 66' lang='grc' dir='ltr'>εΗγίου</span> <span class='ocrx_word' id='word_1_101' title='bbox 891 1016 964 1054; x_wconf 83' lang='grc' dir='ltr'>καὶ</span> <span class='ocrx_word' id='word_1_102' title='bbox 995 1014 1080 1054; x_wconf 76' lang='grc' dir='ltr'><strong><em>τῶν</em></strong></span> <span class='ocrx_word' id='word_1_103' title='bbox 1110 1011 1226 1070; x_wconf 77' lang='grc' dir='ltr'><strong><em>ἀμφὶ</em></strong></span> <span class='ocrx_word' id='word_1_104' title='bbox 1262 1016 1441 1068; x_wconf 78' lang='grc' dir='ltr'><strong><em>Κριτίον</em></strong></span> <span class='ocrx_word' id='word_1_105' title='bbox 1471 1013 1544 1055; x_wconf 83' lang='grc' dir='ltr'>καὶ</span> <span class='ocrx_word' id='word_1_106' title='bbox 1569 1012 1817 1069; x_wconf 79' lang='grc' dir='ltr'><strong><em>Νησιώτην,</em></strong></span> 
     </span>
     <span class='ocr_line' id='line_1_13' title="bbox 297 1076 1820 1137; baseline 0 -15"><span class='ocrx_word' id='word_1_107' title='bbox 297 1079 680 1136; x_wconf 77' lang='grc' dir='ltr'><strong><em>ἀπεσφιγμένα</em></strong></span> <span class='ocrx_word' id='word_1_108' title='bbox 712 1081 801 1122; x_wconf 85' lang='grc' dir='ltr'>καὶ</span> <span class='ocrx_word' id='word_1_109' title='bbox 832 1081 1070 1136; x_wconf 82' lang='grc' dir='ltr'><strong><em>νευρώδη</em></strong></span> <span class='ocrx_word' id='word_1_110' title='bbox 1103 1083 1191 1122; x_wconf 85' lang='grc' dir='ltr'>καὶ</span> <span class='ocrx_word' id='word_1_111' title='bbox 1222 1081 1429 1136; x_wconf 82' lang='grc' dir='ltr'><strong><em>σκληρὰ</em></strong></span> <span class='ocrx_word' id='word_1_112' title='bbox 1459 1082 1546 1122; x_wconf 88' lang='grc' dir='ltr'>καὶ</span> <span class='ocrx_word' id='word_1_113' title='bbox 1578 1076 1820 1137; x_wconf 72' lang='grc' dir='ltr'><strong><em>ἀκριβῶς</em></strong></span> 
     </span>
     <span class='ocr_line' id='line_1_14' title="bbox 297 1148 1820 1206; baseline -0.001 -15"><span class='ocrx_word' id='word_1_114' title='bbox 297 1148 717 1206; x_wconf 79' lang='grc' dir='ltr'><strong><em>ἀποτετμημένοι</em></strong></span> <span class='ocrx_word' id='word_1_115' title='bbox 746 1155 867 1196; x_wconf 85' lang='grc' dir='ltr'><strong><em>ταῖς</em></strong></span> <span class='ocrx_word' id='word_1_116' title='bbox 895 1165 955 1204; x_wconf 80' lang='grc' dir='ltr'><strong><em>γρ</em></strong></span> <span class='ocrx_word' id='word_1_117' title='bbox 968 1157 1171 1204; x_wconf 80' lang='grc' dir='ltr'><strong><em>αμμαῖς</em></strong></span> <span class='ocrx_word' id='word_1_118' title='bbox 1203 1152 1252 1191; x_wconf 91' lang='lat' dir='ltr'>ad</span> <span class='ocrx_word' id='word_1_119' title='bbox 1283 1152 1520 1192; x_wconf 86' lang='lat' dir='ltr'>histrionum</span> <span class='ocrx_word' id='word_1_120' title='bbox 1543 1157 1668 1191; x_wconf 87' lang='lat' dir='ltr'>artem</span> <span class='ocrx_word' id='word_1_121' title='bbox 1689 1155 1820 1191; x_wconf 86' lang='lat' dir='ltr'>trans-</span> 
     </span>
     <span class='ocr_line' id='line_1_15' title="bbox 296 1218 1821 1274; baseline 0 -15"><span class='ocrx_word' id='word_1_122' title='bbox 296 1220 473 1269; x_wconf 81' lang='lat' dir='ltr'>ferimus,</span> <span class='ocrx_word' id='word_1_123' title='bbox 504 1220 629 1274; x_wconf 88' lang='lat' dir='ltr'>qualis</span> <span class='ocrx_word' id='word_1_124' title='bbox 661 1220 699 1259; x_wconf 91' lang='lat' dir='ltr'>in</span> <span class='ocrx_word' id='word_1_125' title='bbox 732 1218 910 1270; x_wconf 77' lang='lat' dir='ltr'>Aeschyli</span> <span class='ocrx_word' id='word_1_126' title='bbox 941 1219 1082 1259; x_wconf 86' lang='lat' dir='ltr'>fabulis</span> <span class='ocrx_word' id='word_1_127' title='bbox 1111 1220 1229 1260; x_wconf 88' lang='lat' dir='ltr'>fuerit</span> <span class='ocrx_word' id='word_1_128' title='bbox 1249 1226 1449 1273; x_wconf 85' lang='lat' dir='ltr'>usurpata.</span> <span class='ocrx_word' id='word_1_129' title='bbox 1510 1221 1580 1260; x_wconf 87' lang='lat' dir='ltr'>Ita</span> <span class='ocrx_word' id='word_1_130' title='bbox 1593 1233 1618 1273; x_wconf 86' lang='lat' dir='ltr'>q</span> <span class='ocrx_word' id='word_1_131' title='bbox 1631 1232 1655 1260; x_wconf 91' lang='lat' dir='ltr'>u</span> <span class='ocrx_word' id='word_1_132' title='bbox 1665 1232 1686 1260; x_wconf 91' lang='lat' dir='ltr'>e</span> <span class='ocrx_word' id='word_1_133' title='bbox 1716 1233 1737 1260; x_wconf 91' lang='lat' dir='ltr'>e</span> <span class='ocrx_word' id='word_1_134' title='bbox 1750 1232 1771 1259; x_wconf 94' lang='lat' dir='ltr'>a</span> <span class='ocrx_word' id='word_1_135' title='bbox 1781 1231 1821 1259; x_wconf 89' lang='lat' dir='ltr'>m</span> 
     </span>
     <span class='ocr_line' id='line_1_16' title="bbox 298 1288 1822 1337; baseline -0.001 -9"><span class='ocrx_word' id='word_1_136' title='bbox 298 1289 515 1329; x_wconf 85' lang='lat' dir='ltr'>dicemus</span> <span class='ocrx_word' id='word_1_137' title='bbox 545 1289 707 1329; x_wconf 82' lang='lat' dir='ltr'>fuisse</span> <span class='ocrx_word' id='word_1_138' title='bbox 738 1299 837 1327; x_wconf 92' lang='lat' dir='ltr'>non</span> <span class='ocrx_word' id='word_1_139' title='bbox 868 1299 908 1326; x_wconf 90' lang='lat' dir='ltr'>m</span> <span class='ocrx_word' id='word_1_140' title='bbox 923 1288 1092 1337; x_wconf 91' lang='lat' dir='ltr'>ollem,</span> <span class='ocrx_word' id='word_1_141' title='bbox 1133 1290 1155 1328; x_wconf 87' lang='lat' dir='ltr'>d</span> <span class='ocrx_word' id='word_1_142' title='bbox 1170 1289 1344 1335; x_wconf 88' lang='lat' dir='ltr'>ulcem,</span> <span class='ocrx_word' id='word_1_143' title='bbox 1376 1290 1553 1337; x_wconf 88' lang='lat' dir='ltr'>lenem,</span> <span class='ocrx_word' id='word_1_144' title='bbox 1584 1289 1667 1329; x_wconf 85' lang='lat' dir='ltr'>sed</span> <span class='ocrx_word' id='word_1_145' title='bbox 1700 1301 1822 1328; x_wconf 86' lang='lat' dir='ltr'>ner-</span> 
     </span>
     <span class='ocr_line' id='line_1_17' title="bbox 296 1356 1822 1410; baseline 0 -14"><span class='ocrx_word' id='word_1_146' title='bbox 296 1370 480 1405; x_wconf 87' lang='lat' dir='ltr'>vosam,</span> <span class='ocrx_word' id='word_1_147' title='bbox 527 1371 546 1398; x_wconf 89' lang='lat' dir='ltr'>a</span> <span class='ocrx_word' id='word_1_148' title='bbox 561 1369 781 1410; x_wconf 83' lang='lat' dir='ltr'>speram,</span> <span class='ocrx_word' id='word_1_149' title='bbox 827 1369 943 1409; x_wconf 80' lang='lat' dir='ltr'>gran</span> <span class='ocrx_word' id='word_1_150' title='bbox 958 1356 1080 1406; x_wconf 83' lang='lat' dir='ltr'>dem,</span> <span class='ocrx_word' id='word_1_151' title='bbox 1127 1362 1394 1410; x_wconf 88' lang='lat' dir='ltr'>motusque</span> <span class='ocrx_word' id='word_1_152' title='bbox 1441 1363 1489 1397; x_wconf 86' lang='lat' dir='ltr'>et</span> <span class='ocrx_word' id='word_1_153' title='bbox 1533 1363 1704 1410; x_wconf 87' lang='lat' dir='ltr'>gestus</span> <span class='ocrx_word' id='word_1_154' title='bbox 1741 1356 1822 1397; x_wconf 86' lang='lat' dir='ltr'>di-</span> 
     </span>
     <span class='ocr_line' id='line_1_18' title="bbox 296 1425 1823 1479; baseline 0 -14"><span class='ocrx_word' id='word_1_155' title='bbox 296 1431 468 1466; x_wconf 87' lang='lat' dir='ltr'>rectos</span> <span class='ocrx_word' id='word_1_156' title='bbox 508 1426 868 1479; x_wconf 88' lang='lat' dir='ltr'>quodammodo</span> <span class='ocrx_word' id='word_1_157' title='bbox 906 1429 1057 1478; x_wconf 91' lang='lat' dir='ltr'>atque</span> <span class='ocrx_word' id='word_1_158' title='bbox 1093 1426 1361 1467; x_wconf 88' lang='lat' dir='ltr'>circumcis</span> <span class='ocrx_word' id='word_1_159' title='bbox 1376 1439 1444 1475; x_wconf 90' lang='lat' dir='ltr'>os,</span> <span class='ocrx_word' id='word_1_160' title='bbox 1490 1438 1680 1479; x_wconf 86' lang='lat' dir='ltr'>graves,</span> <span class='ocrx_word' id='word_1_161' title='bbox 1719 1425 1823 1465; x_wconf 90' lang='lat' dir='ltr'>sol-</span> 
     </span>
     <span class='ocr_line' id='line_1_19' title="bbox 296 1494 1820 1548; baseline -0.001 -13"><span class='ocrx_word' id='word_1_162' title='bbox 296 1495 509 1543; x_wconf 81' lang='lat' dir='ltr'>lemnes,</span> <span class='ocrx_word' id='word_1_163' title='bbox 557 1495 773 1547; x_wconf 91' lang='lat' dir='ltr'>denique</span> <span class='ocrx_word' id='word_1_164' title='bbox 818 1506 918 1534; x_wconf 89' lang='lat' dir='ltr'>cum</span> <span class='ocrx_word' id='word_1_165' title='bbox 966 1500 1160 1535; x_wconf 88' lang='lat' dir='ltr'>austera</span> <span class='ocrx_word' id='word_1_166' title='bbox 1196 1495 1584 1548; x_wconf 85' lang='lat' dir='ltr'>Aeschylearum</span> <span class='ocrx_word' id='word_1_167' title='bbox 1630 1494 1820 1535; x_wconf 87' lang='lat' dir='ltr'>fabula-</span> 
     </span>
     <span class='ocr_line' id='line_1_20' title="bbox 300 1562 1821 1617; baseline -0.001 -14"><span class='ocrx_word' id='word_1_168' title='bbox 300 1575 405 1603; x_wconf 89' lang='lat' dir='ltr'>rum</span> <span class='ocrx_word' id='word_1_169' title='bbox 444 1562 714 1603; x_wconf 86' lang='lat' dir='ltr'>maiestate</span> <span class='ocrx_word' id='word_1_170' title='bbox 759 1568 808 1603; x_wconf 92' lang='lat' dir='ltr'>et</span> <span class='ocrx_word' id='word_1_171' title='bbox 851 1563 1187 1615; x_wconf 87' lang='lat' dir='ltr'>simplicitate</span> <span class='ocrx_word' id='word_1_172' title='bbox 1231 1564 1310 1617; x_wconf 87' lang='lat' dir='ltr'>pla</span> <span class='ocrx_word' id='word_1_173' title='bbox 1326 1578 1383 1604; x_wconf 91' lang='lat' dir='ltr'>ne</span> <span class='ocrx_word' id='word_1_174' title='bbox 1423 1562 1821 1616; x_wconf 81' lang='lat' dir='ltr'>congruentes1).</span> 
     </span>
     <span class='ocr_line' id='line_1_21' title="bbox 298 1624 1849 1685; baseline 0.001 -15"><span class='ocrx_word' id='word_1_175' title='bbox 298 1631 394 1672; x_wconf 91' lang='lat' dir='ltr'>Esse</span> <span class='ocrx_word' id='word_1_176' title='bbox 431 1636 563 1671; x_wconf 89' lang='lat' dir='ltr'>autem</span> <span class='ocrx_word' id='word_1_177' title='bbox 606 1631 771 1672; x_wconf 90' lang='lat' dir='ltr'>omnino</span> <span class='ocrx_word' id='word_1_178' title='bbox 801 1631 1034 1684; x_wconf 82' lang='lat' dir='ltr'>Aeschylum</span> <span class='ocrx_word' id='word_1_179' title='bbox 1066 1632 1107 1671; x_wconf 88' lang='lat' dir='ltr'>in</span> <span class='ocrx_word' id='word_1_180' title='bbox 1139 1624 1352 1685; x_wconf 84' lang='lat' dir='ltr'>tragoediis</span> <span class='ocrx_word' id='word_1_181' title='bbox 1382 1634 1464 1673; x_wconf 90' lang='lat' dir='ltr'>suis</span> <span class='ocrx_word' id='word_1_182' title='bbox 1495 1632 1615 1684; x_wconf 84' lang='lat' dir='ltr'>magis</span> <span class='ocrx_word' id='word_1_183' title='bbox 1644 1635 1822 1672; x_wconf 82' lang='lat' dir='ltr'>secutum</span> <span class='ocrx_word' id='word_1_184' title='bbox 1846 1645 1849 1647; x_wconf 89' lang='lat'>·</span> 
     </span>
     <span class='ocr_line' id='line_1_22' title="bbox 298 1697 1823 1753; baseline 0.003 -17"><span class='ocrx_word' id='word_1_185' title='bbox 298 1697 457 1737; x_wconf 89' lang='lat' dir='ltr'>habitus</span> <span class='ocrx_word' id='word_1_186' title='bbox 488 1702 693 1750; x_wconf 84' lang='lat' dir='ltr'>statusque</span> <span class='ocrx_word' id='word_1_187' title='bbox 723 1698 954 1749; x_wconf 80' lang='lat' dir='ltr'>gravitatem</span> <span class='ocrx_word' id='word_1_188' title='bbox 965 1730 974 1747; x_wconf 88' lang='lat'>,</span> <span class='ocrx_word' id='word_1_189' title='bbox 1007 1712 1132 1751; x_wconf 74' lang='lat' dir='ltr'>quamv</span> <span class='ocrx_word' id='word_1_190' title='bbox 1155 1706 1338 1752; x_wconf 85' lang='lat' dir='ltr'>gestuum</span> <span class='ocrx_word' id='word_1_191' title='bbox 1370 1701 1579 1753; x_wconf 86' lang='lat' dir='ltr'>agilitatem</span> <span class='ocrx_word' id='word_1_192' title='bbox 1610 1705 1726 1752; x_wconf 89' lang='lat' dir='ltr'>atque</span> <span class='ocrx_word' id='word_1_193' title='bbox 1757 1713 1823 1740; x_wconf 88' lang='lat' dir='ltr'>ce-</span> 
     </span>
     <span class='ocr_line' id='line_1_23' title="bbox 298 1765 1823 1822; baseline 0.003 -18"><span class='ocrx_word' id='word_1_194' title='bbox 298 1765 493 1806; x_wconf 88' lang='lat' dir='ltr'>leritatem</span> <span class='ocrx_word' id='word_1_195' title='bbox 540 1778 621 1805; x_wconf 92' lang='lat' dir='ltr'>non</span> <span class='ocrx_word' id='word_1_196' title='bbox 666 1778 790 1818; x_wconf 88' lang='lat' dir='ltr'>pauca</span> <span class='ocrx_word' id='word_1_197' title='bbox 836 1768 1094 1820; x_wconf 85' lang='lat' dir='ltr'>comprobant</span> <span class='ocrx_word' id='word_1_198' title='bbox 1139 1770 1329 1822; x_wconf 86' lang='lat' dir='ltr'>exempla.</span> <span class='ocrx_word' id='word_1_199' title='bbox 1400 1769 1526 1810; x_wconf 87' lang='lat' dir='ltr'>Veluti</span> <span class='ocrx_word' id='word_1_200' title='bbox 1563 1767 1823 1809; x_wconf 86' lang='lat' dir='ltr'>Prometheus</span> 
     </span>
     <span class='ocr_line' id='line_1_24' title="bbox 298 1832 1823 1890; baseline 0.001 -16"><span class='ocrx_word' id='word_1_201' title='bbox 298 1847 369 1887; x_wconf 91' lang='lat' dir='ltr'>per</span> <span class='ocrx_word' id='word_1_202' title='bbox 399 1839 526 1874; x_wconf 89' lang='lat' dir='ltr'>totam</span> <span class='ocrx_word' id='word_1_203' title='bbox 563 1832 734 1873; x_wconf 87' lang='lat' dir='ltr'>fabulam</span> <span class='ocrx_word' id='word_1_204' title='bbox 777 1847 869 1874; x_wconf 81' lang='lat' dir='ltr'>saxo</span> <span class='ocrx_word' id='word_1_205' title='bbox 910 1838 1049 1879; x_wconf 80' lang='lat' dir='ltr'>affixus</span> <span class='ocrx_word' id='word_1_206' title='bbox 1091 1846 1167 1886; x_wconf 87' lang='lat' dir='ltr'>est,</span> <span class='ocrx_word' id='word_1_207' title='bbox 1206 1838 1259 1878; x_wconf 87' lang='lat' dir='ltr'>ita</span> <span class='ocrx_word' id='word_1_208' title='bbox 1295 1844 1340 1878; x_wconf 90' lang='lat' dir='ltr'>ut</span> <span class='ocrx_word' id='word_1_209' title='bbox 1375 1837 1472 1878; x_wconf 91' lang='lat' dir='ltr'>nulli</span> <span class='ocrx_word' id='word_1_210' title='bbox 1509 1849 1632 1890; x_wconf 89' lang='lat' dir='ltr'>prope</span> <span class='ocrx_word' id='word_1_211' title='bbox 1667 1835 1823 1889; x_wconf 85' lang='lat' dir='ltr'>possint</span> 
     </span>
     <span class='ocr_line' id='line_1_25' title="bbox 299 1902 1826 1959; baseline 0 -16"><span class='ocrx_word' id='word_1_212' title='bbox 299 1915 385 1943; x_wconf 87' lang='lat' dir='ltr'>esse</span> <span class='ocrx_word' id='word_1_213' title='bbox 417 1902 500 1943; x_wconf 91' lang='lat' dir='ltr'>eius</span> <span class='ocrx_word' id='word_1_214' title='bbox 531 1908 664 1943; x_wconf 85' lang='lat' dir='ltr'>motus</span> <span class='ocrx_word' id='word_1_215' title='bbox 694 1907 907 1956; x_wconf 86' lang='lat' dir='ltr'>gestusque</span> <span class='ocrx_word' id='word_1_216' title='bbox 952 1907 992 1947; x_wconf 91' lang='lat' dir='ltr'>in</span> <span class='ocrx_word' id='word_1_217' title='bbox 1028 1907 1322 1959; x_wconf 85' lang='lat' dir='ltr'>Agamemnone</span> <span class='ocrx_word' id='word_1_218' title='bbox 1354 1906 1586 1954; x_wconf 83' lang='lat' dir='ltr'>Cassandra,</span> <span class='ocrx_word' id='word_1_219' title='bbox 1619 1904 1776 1957; x_wconf 86' lang='lat' dir='ltr'>saepius</span> <span class='ocrx_word' id='word_1_220' title='bbox 1806 1916 1826 1943; x_wconf 89' lang='lat' dir='ltr'>a</span> 
     </span>
     <span class='ocr_line' id='line_1_26' title="bbox 301 1971 1825 2027; baseline 0.001 -16"><span class='ocrx_word' id='word_1_221' title='bbox 301 1971 609 2023; x_wconf 80' lang='lat' dir='ltr'>Clytaemnestra</span> <span class='ocrx_word' id='word_1_222' title='bbox 639 1971 800 2012; x_wconf 87' lang='lat' dir='ltr'>invitata</span> <span class='ocrx_word' id='word_1_223' title='bbox 810 2004 825 2021; x_wconf 81' lang='lat'>,</span> <span class='ocrx_word' id='word_1_224' title='bbox 868 1979 913 2014; x_wconf 89' lang='lat' dir='ltr'>ut</span> <span class='ocrx_word' id='word_1_225' title='bbox 951 1974 993 2015; x_wconf 92' lang='lat' dir='ltr'>in</span> <span class='ocrx_word' id='word_1_226' title='bbox 1036 1974 1184 2027; x_wconf 85' lang='lat' dir='ltr'>regiam</span> <span class='ocrx_word' id='word_1_227' title='bbox 1215 1974 1417 2023; x_wconf 85' lang='lat' dir='ltr'>introiret,</span> <span class='ocrx_word' id='word_1_228' title='bbox 1455 1973 1498 2013; x_wconf 91' lang='lat' dir='ltr'>in</span> <span class='ocrx_word' id='word_1_229' title='bbox 1551 1972 1680 2014; x_wconf 88' lang='lat' dir='ltr'>media</span> <span class='ocrx_word' id='word_1_230' title='bbox 1718 1985 1825 2013; x_wconf 86' lang='lat' dir='ltr'>scae-</span> 
     </span>
     <span class='ocr_line' id='line_1_27' title="bbox 298 2039 1826 2093; baseline 0.001 -15"><span class='ocrx_word' id='word_1_231' title='bbox 298 2050 348 2079; x_wconf 88' lang='lat' dir='ltr'>na</span> <span class='ocrx_word' id='word_1_232' title='bbox 391 2039 456 2079; x_wconf 89' lang='lat' dir='ltr'>diu</span> <span class='ocrx_word' id='word_1_233' title='bbox 502 2039 666 2079; x_wconf 86' lang='lat' dir='ltr'>immota</span> <span class='ocrx_word' id='word_1_234' title='bbox 706 2045 829 2089; x_wconf 86' lang='lat' dir='ltr'>tacet,</span> <span class='ocrx_word' id='word_1_235' title='bbox 879 2042 1016 2084; x_wconf 86' lang='lat' dir='ltr'>habitu</span> <span class='ocrx_word' id='word_1_236' title='bbox 1056 2049 1190 2084; x_wconf 85' lang='lat' dir='ltr'>tamen</span> <span class='ocrx_word' id='word_1_237' title='bbox 1203 2074 1212 2092; x_wconf 95' lang='lat'>,</span> <span class='ocrx_word' id='word_1_238' title='bbox 1260 2048 1305 2083; x_wconf 89' lang='lat' dir='ltr'>ut</span> <span class='ocrx_word' id='word_1_239' title='bbox 1344 2047 1384 2082; x_wconf 90' lang='lat' dir='ltr'>et</span> <span class='ocrx_word' id='word_1_240' title='bbox 1436 2042 1545 2082; x_wconf 89' lang='lat' dir='ltr'>chori</span> <span class='ocrx_word' id='word_1_241' title='bbox 1584 2047 1624 2082; x_wconf 91' lang='lat' dir='ltr'>et</span> <span class='ocrx_word' id='word_1_242' title='bbox 1669 2040 1826 2093; x_wconf 86' lang='lat' dir='ltr'>Clytae—</span> 
     </span>
     <span class='ocr_line' id='line_1_28' title="bbox 301 2108 1826 2165; baseline -0.001 -18"><span class='ocrx_word' id='word_1_243' title='bbox 301 2114 498 2148; x_wconf 85' lang='lat' dir='ltr'>mnestrae</span> <span class='ocrx_word' id='word_1_244' title='bbox 529 2108 647 2148; x_wconf 87' lang='lat' dir='ltr'>verba</span> <span class='ocrx_word' id='word_1_245' title='bbox 678 2109 838 2160; x_wconf 83' lang='lat' dir='ltr'>docent,</span> <span class='ocrx_word' id='word_1_246' title='bbox 872 2112 964 2153; x_wconf 87' lang='lat' dir='ltr'>satis</span> <span class='ocrx_word' id='word_1_247' title='bbox 995 2112 1063 2165; x_wconf 88' lang='lat' dir='ltr'>qui</span> <span class='ocrx_word' id='word_1_248' title='bbox 1109 2111 1231 2152; x_wconf 90' lang='lat' dir='ltr'>animi</span> <span class='ocrx_word' id='word_1_249' title='bbox 1261 2111 1312 2152; x_wconf 91' lang='lat' dir='ltr'>sit</span> <span class='ocrx_word' id='word_1_250' title='bbox 1342 2111 1503 2152; x_wconf 81' lang='lat' dir='ltr'>affectus</span> <span class='ocrx_word' id='word_1_251' title='bbox 1535 2108 1761 2163; x_wconf 85' lang='lat' dir='ltr'>exprimens</span> <span class='ocrx_word' id='word_1_252' title='bbox 1790 2120 1826 2146; x_wconf 90' lang='lat' dir='ltr'>v.</span> 
     </span>
     <span class='ocr_line' id='line_1_29' title="bbox 303 2175 511 2229; baseline 0.01 -15"><span class='ocrx_word' id='word_1_253' title='bbox 303 2175 396 2216; x_wconf 85' lang='lat'>965.</span> <span class='ocrx_word' id='word_1_254' title='bbox 424 2189 511 2229; x_wconf 90' lang='lat' dir='ltr'>sqq.</span> 
     </span>
    </p>

    <p class='ocr_par' dir='ltr' id='par_1_3' title="bbox 415 2243 1341 2303">
     <span class='ocr_line' id='line_1_30' title="bbox 415 2243 1341 2303; baseline 0.003 -18"><span class='ocrx_word' id='word_1_255' title='bbox 415 2248 461 2285; x_wconf 89' lang='lat' dir='ltr'><em>X</em></span> <span class='ocrx_word' id='word_1_256' title='bbox 473 2259 496 2286; x_wconf 91' lang='grc' dir='ltr'><strong><em>ο</em></strong></span> <span class='ocrx_word' id='word_1_257' title='bbox 507 2259 543 2299; x_wconf 89' lang='grc' dir='ltr'>ρ.</span> <span class='ocrx_word' id='word_1_258' title='bbox 603 2243 822 2300; x_wconf 78' lang='grc' dir='ltr'><strong><em>ἑρμηνέως</em></strong></span> <span class='ocrx_word' id='word_1_259' title='bbox 852 2247 996 2289; x_wconf 79' lang='grc' dir='ltr'><strong><em>ἔοικεν</em></strong></span> <span class='ocrx_word' id='word_1_260' title='bbox 1026 2245 1051 2302; x_wconf 84' lang='grc' dir='ltr'><em>ἡ</em></span> <span class='ocrx_word' id='word_1_261' title='bbox 1083 2247 1180 2303; x_wconf 82' lang='grc' dir='ltr'><strong><em>ξένη</em></strong></span> <span class='ocrx_word' id='word_1_262' title='bbox 1211 2247 1341 2302; x_wconf 84' lang='grc' dir='ltr'><strong><em>τοροῦ</em></strong></span> 
     </span>
    </p>

    <p class='ocr_par' dir='ltr' id='par_1_4' title="bbox 391 2311 1770 2437">
     <span class='ocr_line' id='line_1_31' title="bbox 604 2311 1727 2371; baseline 0 -18"><span class='ocrx_word' id='word_1_263' title='bbox 604 2312 791 2356; x_wconf 71' lang='grc' dir='ltr'><strong><em>δεῖσθαι</em></strong></span> <span class='ocrx_word' id='word_1_264' title='bbox 805 2330 814 2339; x_wconf 88' lang='grc'><em>·</em></span> <span class='ocrx_word' id='word_1_265' title='bbox 847 2313 1012 2371; x_wconf 82' lang='grc' dir='ltr'><strong><em>τρόπος</em></strong></span> <span class='ocrx_word' id='word_1_266' title='bbox 1044 2315 1096 2357; x_wconf 81' lang='grc' dir='ltr'>δὲ</span> <span class='ocrx_word' id='word_1_267' title='bbox 1127 2316 1264 2371; x_wconf 73' lang='grc' dir='ltr'><strong><em>θηρὸ</em></strong></span> <span class='ocrx_word' id='word_1_268' title='bbox 1279 2330 1301 2365; x_wconf 84' lang='grc' dir='ltr'><strong><em>ς</em></strong></span> <span class='ocrx_word' id='word_1_269' title='bbox 1331 2312 1396 2364; x_wconf 73' lang='grc' dir='ltr'>ὥς</span> <span class='ocrx_word' id='word_1_270' title='bbox 1426 2329 1520 2357; x_wconf 87' lang='grc' dir='ltr'><strong><em>νεα</em></strong></span> <span class='ocrx_word' id='word_1_271' title='bbox 1535 2311 1727 2369; x_wconf 81' lang='grc' dir='ltr'><strong><em>ιρέτου.</em></strong></span> 
     </span>
     <span class='ocr_line' id='line_1_32' title="bbox 391 2378 1770 2437; baseline 0 -16"><span class='ocrx_word' id='word_1_272' title='bbox 391 2381 546 2422; x_wconf 76' lang='grc' dir='ltr'><strong><em>Κλυτ.</em></strong></span> <span class='ocrx_word' id='word_1_273' title='bbox 607 2379 633 2436; x_wconf 83' lang='grc' dir='ltr'><em>ἦ</em></span> <span class='ocrx_word' id='word_1_274' title='bbox 663 2386 922 2436; x_wconf 76' lang='grc' dir='ltr'><strong><em>μαίνεταί</em></strong></span> <span class='ocrx_word' id='word_1_275' title='bbox 952 2402 1009 2437; x_wconf 74' lang='grc' dir='ltr'>γε</span> <span class='ocrx_word' id='word_1_276' title='bbox 1039 2386 1129 2427; x_wconf 82' lang='grc' dir='ltr'>καὶ</span> <span class='ocrx_word' id='word_1_277' title='bbox 1160 2383 1336 2426; x_wconf 77' lang='grc' dir='ltr'><strong><em>κακῶν</em></strong></span> <span class='ocrx_word' id='word_1_278' title='bbox 1365 2382 1515 2424; x_wconf 79' lang='grc' dir='ltr'><strong><em>κλύει</em></strong></span> <span class='ocrx_word' id='word_1_279' title='bbox 1545 2378 1770 2437; x_wconf 72' lang='grc' dir='ltr'><strong><em>φρενῶν.</em></strong></span> 
     </span>
    </p>

    <p class='ocr_par' dir='ltr' id='par_1_5' title="bbox 418 2450 1827 2506">
     <span class='ocr_line' id='line_1_33' title="bbox 418 2450 1827 2506; baseline -0.001 -16"><span class='ocrx_word' id='word_1_280' title='bbox 418 2450 552 2491; x_wconf 90' lang='lat' dir='ltr'>Simile</span> <span class='ocrx_word' id='word_1_281' title='bbox 598 2451 788 2494; x_wconf 89' lang='lat' dir='ltr'>immotae</span> <span class='ocrx_word' id='word_1_282' title='bbox 832 2455 1105 2496; x_wconf 80' lang='lat' dir='ltr'>taciturnitatis</span> <span class='ocrx_word' id='word_1_283' title='bbox 1151 2455 1374 2506; x_wconf 85' lang='lat' dir='ltr'>exemplum</span> <span class='ocrx_word' id='word_1_284' title='bbox 1412 2452 1450 2492; x_wconf 92' lang='lat' dir='ltr'>in</span> <span class='ocrx_word' id='word_1_285' title='bbox 1501 2450 1643 2492; x_wconf 83' lang='lat' dir='ltr'>fabulis</span> <span class='ocrx_word' id='word_1_286' title='bbox 1686 2450 1827 2502; x_wconf 88' lang='lat' dir='ltr'>deper-</span> 
     </span>
    </p>

    <p class='ocr_par' dir='ltr' id='par_1_6' title="bbox 301 2517 1827 2572">
     <span class='ocr_line' id='line_1_34' title="bbox 301 2517 1827 2572; baseline -0.001 -15"><span class='ocrx_word' id='word_1_287' title='bbox 301 2519 391 2559; x_wconf 87' lang='lat' dir='ltr'>ditis</span> <span class='ocrx_word' id='word_1_288' title='bbox 462 2519 728 2562; x_wconf 79' lang='lat' dir='ltr'>exhibuerunt</span> <span class='ocrx_word' id='word_1_289' title='bbox 777 2524 943 2565; x_wconf 87' lang='lat' dir='ltr'>Achilles</span> <span class='ocrx_word' id='word_1_290' title='bbox 1001 2530 1039 2563; x_wconf 87' lang='lat' dir='ltr'>ct</span> <span class='ocrx_word' id='word_1_291' title='bbox 1087 2524 1211 2564; x_wconf 86' lang='lat' dir='ltr'>Niobe</span> <span class='ocrx_word' id='word_1_292' title='bbox 1266 2527 1366 2563; x_wconf 89' lang='lat' dir='ltr'>teste</span> <span class='ocrx_word' id='word_1_293' title='bbox 1415 2520 1676 2572; x_wconf 86' lang='lat' dir='ltr'>Aristophane</span> <span class='ocrx_word' id='word_1_294' title='bbox 1732 2517 1827 2557; x_wconf 87' lang='lat' dir='ltr'>Ran.</span> 
     </span>
    </p>
   </div>
   <div class='ocr_carea' id='block_1_3' title="bbox 300 2585 1897 2709">
    <p class='ocr_par' dir='ltr' id='par_1_7' title="bbox 300 2585 1897 2709">
     <span class='ocr_line' id='line_1_35' title="bbox 301 2585 1829 2645; baseline -0.001 -19"><span class='ocrx_word' id='word_1_295' title='bbox 301 2601 335 2626; x_wconf 90' lang='lat' dir='ltr'>v.</span> <span class='ocrx_word' id='word_1_296' title='bbox 373 2587 468 2626; x_wconf 85' lang='lat'>911.</span> <span class='ocrx_word' id='word_1_297' title='bbox 496 2601 583 2641; x_wconf 87' lang='lat' dir='ltr'>sqq.</span> <span class='ocrx_word' id='word_1_298' title='bbox 618 2590 691 2639; x_wconf 88' lang='lat' dir='ltr'>(ed.</span> <span class='ocrx_word' id='word_1_299' title='bbox 723 2591 959 2644; x_wconf 87' lang='lat' dir='ltr'>Fritzsche),</span> <span class='ocrx_word' id='word_1_300' title='bbox 1006 2594 1074 2645; x_wconf 87' lang='lat' dir='ltr'>qui</span> <span class='ocrx_word' id='word_1_301' title='bbox 1104 2593 1159 2633; x_wconf 86' lang='lat' dir='ltr'>sic</span> <span class='ocrx_word' id='word_1_302' title='bbox 1187 2592 1279 2632; x_wconf 85' lang='lat' dir='ltr'>facit</span> <span class='ocrx_word' id='word_1_303' title='bbox 1308 2589 1535 2642; x_wconf 89' lang='lat' dir='ltr'>Euripidem</span> <span class='ocrx_word' id='word_1_304' title='bbox 1567 2587 1614 2627; x_wconf 89' lang='lat' dir='ltr'>de</span> <span class='ocrx_word' id='word_1_305' title='bbox 1642 2585 1829 2638; x_wconf 90' lang='lat' dir='ltr'>Aeschylo</span> 
     </span>
     <span class='ocr_line' id='line_1_36' title="bbox 300 2655 1897 2709; baseline 0 -13"><span class='ocrx_word' id='word_1_306' title='bbox 300 2657 530 2709; x_wconf 89' lang='lat' dir='ltr'>loquentem</span> <span class='ocrx_word' id='word_1_307' title='bbox 1697 2671 1699 2674; x_wconf 54' lang='lat'><em>⁴</em></span> <span class='ocrx_word' id='word_1_308' title='bbox 1895 2655 1897 2658; x_wconf 51' lang='lat'><strong>⁴</strong></span> 
     </span>
    </p>
   </div>
   <div class='ocr_carea' id='block_1_4' title="bbox 301 2760 583 2764">
    <p class='ocr_par' dir='ltr' id='par_1_8' title="bbox 301 2760 583 2764">
     <span class='ocr_line' id='line_1_37' title="bbox 301 2760 583 2764; baseline 0 0"><span class='ocrx_word' id='word_1_309' title='bbox 301 2760 583 2764; x_wconf 95' lang='lat' dir='ltr'> </span> 
     </span>
    </p>
   </div>
   <div class='ocr_carea' id='block_1_5' title="bbox 302 2817 1830 2918">
    <p class='ocr_par' dir='ltr' id='par_1_9' title="bbox 302 2817 1830 2918">
     <span class='ocr_line' id='line_1_38' title="bbox 395 2817 1830 2867; baseline -0.005 -14"><span class='ocrx_word' id='word_1_310' title='bbox 395 2820 418 2860; x_wconf 83' lang='lat'>²)</span> <span class='ocrx_word' id='word_1_311' title='bbox 444 2820 493 2854; x_wconf 93' lang='lat' dir='ltr'>Vi</span> <span class='ocrx_word' id='word_1_312' title='bbox 507 2824 548 2852; x_wconf 80' lang='lat' dir='ltr'>ta</span> <span class='ocrx_word' id='word_1_313' title='bbox 574 2818 601 2850; x_wconf 89' lang='lat' dir='ltr'>A</span> <span class='ocrx_word' id='word_1_314' title='bbox 612 2821 707 2852; x_wconf 85' lang='lat' dir='ltr'>esch</span> <span class='ocrx_word' id='word_1_315' title='bbox 719 2823 781 2865; x_wconf 75' lang='lat' dir='ltr'>yli</span> <span class='ocrx_word' id='word_1_316' title='bbox 805 2819 927 2867; x_wconf 74' lang='grc' dir='ltr'><strong><em>μόνον</em></strong></span> <span class='ocrx_word' id='word_1_317' title='bbox 939 2844 980 2849; x_wconf 90' lang='lat'><em>-</em></span> <span class='ocrx_word' id='word_1_318' title='bbox 996 2818 1185 2859; x_wconf 73' lang='grc' dir='ltr'><strong><em>σπουδάζει</em></strong></span> <span class='ocrx_word' id='word_1_319' title='bbox 1205 2819 1245 2853; x_wconf 72' lang='grc' dir='ltr'>τὸ</span> <span class='ocrx_word' id='word_1_320' title='bbox 1265 2817 1375 2863; x_wconf 77' lang='grc' dir='ltr'><strong><em>βάρος</em></strong></span> <span class='ocrx_word' id='word_1_321' title='bbox 1387 2818 1607 2863; x_wconf 70' lang='grc' dir='ltr'><strong><em>περιτιθέναι</em></strong></span> <span class='ocrx_word' id='word_1_322' title='bbox 1626 2817 1700 2852; x_wconf 79' lang='grc' dir='ltr'><strong><em>τοῖς</em></strong></span> <span class='ocrx_word' id='word_1_323' title='bbox 1714 2821 1830 2860; x_wconf 85' lang='grc' dir='ltr'><strong><em>προσ-</em></strong></span> 
     </span>
     <span class='ocr_line' id='line_1_39' title="bbox 302 2890 427 2918; baseline 0.016 -6"><span class='ocrx_word' id='word_1_324' title='bbox 302 2890 427 2918; x_wconf 83' lang='grc' dir='ltr'><strong><em>ωποις.</em></strong></span> 
     </span>
    </p>
   </div>
  </div>
 </body>
</html>
