2014 3204
907 237 1214 277 —124—

302 352 589 408 συνεβάλετο,
635 353 794 408 ἐσθῆτί
837 368 883 394 τε
928 350 1060 408 αὐτὴν
1104 349 1432 402 κατασκευάσας
1476 353 1550 395 καὶ
1594 353 1818 410 ὀκρίβαντι

299 421 455 479 ὑψηλῷ
487 422 560 464 καὶ
591 417 746 478 ἡρώων
780 421 957 470 εἴδεσιν,
1003 417 1206 474 α’γγέλοις
1249 439 1295 464 τε
1340 422 1413 463 καὶ
1457 419 1703 475 ἐξαγγέλοις
1745 423 1819 471 καὶ

302 490 368 540 οἷς
413 489 490 533 ἐπὶ
533 492 689 548 σκηνῆς
727 506 773 533 τε
803 489 878 532 καὶ
907 488 995 532 ὑπὸ
1026 491 1182 547 σκηνῆς
1211 490 1289 547 χρὴ
1321 489 1553 547 πράττειν,
1595 493 1721 534 τοῦτο
1766 491 1821 535 ἂν

302 562 368 616 εἴη
390 559 463 601 καὶ
495 558 519 602 ὁ
553 559 735 616 Γοργίας
764 567 858 609 τοῖς
889 557 1155 614 ὁμοτέχνοις.

413 629 655 670 Philostr.
685 630 764 670 vit.
796 630 1019 683 Apollon.
1052 630 1111 669 VI.
1163 630 1210 668 11
1257 643 1295 682 p.
1341 629 1435 670 244.
1469 630 1590 671 Olear.
1622 628 1819 686 ἐνθυμη-

299 696 401 746 θεὶς
432 696 481 738 δὲ
514 695 781 752 (Αἰσχύλος)
813 698 885 739 καὶ
915 698 993 754 τὴν
1023 699 1175 752 τέχνην
1205 695 1261 745 ὠς
1282 697 1488 753 προςφυᾶ
1517 699 1576 755 τῷ
1606 698 1819 755 μεγαλείῳ

302 765 469 820 μᾶλλον
499 765 525 822 ἢ
555 767 616 822 τῷ
637 767 1000 822 καταβεβλημένω
1017 782 1063 807 τε
1083 764 1255 809 καὶῦπὸ
1280 766 1399 809 πόδα
1431 769 1715 817 σκευοποιῒας
1743 767 1823 821 μὲν

303 832 449 891 ἥψατο
479 836 735 892 εἰκασμένης
755 843 849 885 τοῖς
869 836 956 878 τῶν
986 833 1137 892 ῆρώων
1158 835 1331 886 εἴδεσιν,
1363 834 1617 892 ὅκρίβαντος
1647 835 1697 878 δὲ
1724 837 1823 886 τοὺς

302 902 539 959 ὑποκριτάς
573 902 845 959 ἀνεβίβασεν,
880 903 935 954 ὥς
965 907 1043 946 ἴσα
1069 904 1252 954 ἐκείνοις
1284 907 1494 959 βαίνοιεν,
1522 903 1750 960 ἓσθήμασί
1776 921 1822 947 τε

302 974 474 1029 πρῶτος
485 972 725 1030 ἐκόσμησεν
741 967 775 1015 οἳ
789 970 1047 1030 πρόσφορον
1063 970 1199 1029 ῆρωσί
1215 989 1260 1015 τε
1277 972 1350 1014 καὶ
1368 970 1551 1028 ῆρωῒσιν
1566 968 1820 1029 ἤσθῆσθαι.

416 1044 627 1084 Cramer.
675 1045 910 1085 Anecdot.
943 1043 1214 1084 Parisiens.
1255 1043 1329 1083 vol.
1375 1043 1404 1083 I.
1449 1055 1486 1096 p.
1536 1043 1599 1083 19.
1659 1043 1716 1084 Εἰ
1744 1043 1822 1097 μὲν

303 1111 356 1167 δὴ
386 1107 537 1154 πάντα
566 1127 632 1160 τις
667 1110 875 1168 Αἰσχύλῳ
907 1111 1112 1166 βούλεται
1142 1111 1205 1152 τά
1232 1110 1356 1166 περὶ
1386 1110 1475 1165 την
1505 1110 1704 1167 σκηνήν
1735 1109 1821 1153 εὖ-

304 1179 511 1236 ρήματα
558 1182 836 1236 προσνέμειν,
882 1179 1181 1235 ἓκκυκλήματα
1226 1179 1299 1221 καὶ
1346 1178 1602 1235 περιάκιους
1647 1179 1823 1234 (Cramer

304 1254 472 1291 correatit
521 1249 828 1305 περικυκλουςς
880 1251 1075 1304 legendum
1132 1250 1279 1291 videtur
1337 1246 1699 1303 περιάκτους)
1749 1249 1823 1290 καὶ

305 1319 499 1374 μηχανάς
544 1316 734 1375 ἐξώστρα
778 1335 824 1360 τε
869 1319 943 1360 καὶ
987 1317 1236 1373 προσκήνια
1268 1317 1318 1370 (?)
1351 1316 1424 1358 καὶ
1467 1316 1704 1369 διστεγίας,
1749 1317 1823 1359 καὶ

306 1395 682 1444 κεραυνοσκοπεϊα
725 1387 798 1430 καὶ
843 1390 1046 1443 βροντέῖα
1090 1387 1162 1428 καὶ
1199 1386 1437 1438 θεολογεῖα
1482 1385 1554 1428 καὶ
1600 1384 1822 1443 γεράνους,

307 1459 380 1498 καί
425 1471 515 1499 που
560 1456 633 1497 καὶ
681 1456 885 1506 ξυστίδας
915 1457 988 1497 καὶ
1032 1455 1298 1511 βατραχίδας
1343 1455 1416 1497 καὶ
1462 1455 1707 1512 κοθόρνους
1750 1454 1823 1497 καὶ

306 1525 430 1567 ταυτὶ
461 1526 515 1567 τὰ
545 1525 745 1576 ποικίλα,
779 1524 976 1580 σύρματα
1005 1541 1051 1566 τε
1081 1525 1154 1567 καὶ
1196 1524 1448 1581 καλύπτραν
1492 1525 1565 1567 καὶ
1610 1524 1823 1580 κόλπωμα

308 1598 380 1637 καί
413 1594 652 1651 παράπηχυ
683 1595 756 1636 καὶ
788 1593 974 1650 ἆργηνὸν
1011 1594 1083 1636 καὶ
1130 1592 1368 1650 ὑποκριτὴν
1411 1594 1488 1635 ἐπὶ
1531 1594 1591 1651 τῷ
1637 1593 1821 1650 δευτέρῳ

307 1667 392 1708 τῶν
422 1668 578 1720 τρίτων
610 1667 693 1719 (leq.
715 1665 791 1707 τὸν
819 1664 1011 1721 τρίτον)·
1043 1662 1068 1719 ἢ
1100 1663 1173 1705 καὶ
1194 1663 1421 1719 Σοφοκλῆς
1452 1662 1569 1705 ἔστιν
1601 1660 1629 1704 ἃ
1657 1661 1821 1706 τούτων

308 1732 717 1791 προςεμηχανήσατο
747 1734 821 1775 καὶ
851 1733 1149 1789 προσεξεῦρεν.

419 1806 531 1847 Hor.
572 1805 671 1846 Art.
717 1810 843 1857 poet.
889 1818 925 1845 v.
971 1802 1066 1844 278.
1126 1803 1213 1844 Post
1256 1804 1353 1844 hunc
1401 1801 1594 1856 (Thespin)
1635 1815 1822 1856 personae

1128 1873 1328 1926 pallaeque
1357 1879 1532 1925 repertor
1560 1873 1733 1913 honestae

573 1943 772 1995 Aeschylus
801 1950 835 1983 et
864 1944 1018 1984 modicis
1047 1945 1226 1983 instravit
1250 1941 1401 1995 pulpita
1431 1943 1540 1994 teynis

573 2013 619 2054 Et
650 2013 777 2054 docuit
805 2025 1057 2065 maynumque
1088 2013 1190 2065 loqui
1215 2014 1355 2064 nitique
1386 2010 1576 2051 cothurno.

420 2083 543 2135 I‘orp
560 2083 657 2135 hyr.
691 2083 745 2124 ad
775 2083 884 2122 Hor.
917 2082 1014 2121 Art.
1046 2085 1170 2133 poet.
1202 2093 1235 2119 v.
1268 2079 1362 2119 278.
1413 2079 1561 2119 Primus
1592 2077 1821 2130 (Aeschylus)

309 2152 508 2204 traqoecliis
537 2152 739 2192 cothurnos
784 2159 818 2192 et
857 2163 1039 2203 personas
1083 2157 1117 2190 et
1153 2149 1302 2201 pallam
1347 2148 1458 2189 dedit.
1532 2147 1683 2187 Harum
1727 2148 1824 2186 enim

311 2223 426 2261 trium
457 2228 590 2261 auctor
621 2228 685 2262 est.

421 2290 476 2329 De
515 2291 658 2330 chori
702 2289 903 2331 saltatione
934 2288 982 2328 cf.
1014 2288 1184 2327 Athen.
1216 2287 1244 2326 Ι.
1277 2286 1344 2326 21.
1375 2299 1406 2326 e.
1437 2285 1463 2325 f.
1530 2283 1616 2324 Καὶ
1651 2278 1823 2335 Αἰσχύ-

311 2356 383 2406 λος
414 2356 464 2398 δὲ
495 2356 546 2399 οὗ
577 2356 713 2412 μόνον
743 2357 887 2411 ἐξεῦρε
916 2357 993 2411 τὴν
1022 2355 1096 2411 τῆς
1126 2354 1280 2409 στολῆς
1311 2351 1576 2409 εὐπρέπειαν
1615 2351 1688 2392 καὶ
1719 2361 1824 2404 σεμ-

309 2425 483 2482 νότητα,
516 2425 568 2482 ῆν
601 2424 863 2482 ζηλώσαντες
902 2424 944 2467 οἳ
977 2420 1235 2480 ἱεροφάνται
1279 2422 1353 2463 καὶ
1384 2421 1592 2475 δᾳδοῦχοι
1637 2418 1824 2475 ἀμφιέν-

311 2510 460 2538 νυνται
491 2492 608 2538 α’λλά
637 2495 710 2537 καὶ
741 2494 885 2538 πολλὰ
916 2493 1115 2550 σχήματα
1147 2490 1382 2548 ὀρχηστικὰ
1412 2485 1540 2537 αὐτὸς
1569 2488 1825 2544 ἐξευρίσκων

313 2564 519 2608 ἀνεδίδου
564 2572 657 2614 τοῖς
701 2571 940 2620 χορευταῖς.
1017 2562 1282 2617 Χαμαιλέων
1330 2560 1434 2612 γοῦν
1479 2558 1653 2613 πρῶτον
1695 2554 1827 2599 αὐτόν

311 2646 420 2690 φησι
453 2637 717 2689 σχηματίσαι
750 2634 846 2683 τοὺς
875 2633 1026 2688 χοροὺς
1061 2624 1527 2686 ὀρχηστοδιδασκάλοις
1573 2623 1622 2668 οὗ
1665 2625 1826 2681 χρησά-

310 2719 457 2758 μενον,
490 2701 602 2745 ἇλλοὶ
632 2703 706 2745 καὶ
736 2700 868 2745 αὐτὸν
888 2709 980 2750 τοῖς
1011 2708 1159 2756 χοροῖς
1180 2697 1233 2741 τοέ
1265 2697 1465 2753 σχήματα
1496 2696 1709 2737 ποιοῦντα
1738 2696 1823 2738 τῶν

311 2769 544 2828 ὀρχήσεων,
575 2772 647 2814 καὶ
678 2771 786 2821 ὅλως
816 2772 967 2814 πᾶσαν
996 2769 1072 2825 τῆν
1101 2770 1174 2825 τῆς
1201 2782 1298 2823 τραγ
1310 2766 1444 2823 ῳδίας
1475 2766 1732 2820 οἰκονομίαν
1762 2764 1825 2814 εἰς

312 2841 467 2884 ἑαυτὸν
496 2841 740 2896 περιιστᾶν.
773 2838 1028 2896 ὑπεκρίνετο
1058 2839 1163 2891 γοῦν
1192 2837 1303 2893 μετὰ
1330 2834 1406 2877 τοῦ
1436 2832 1602 2881 εἰκότος
1631 2832 1687 2874 τὰ
1715 2829 1823 2886 δρά-

313 2927 438 2966 ματα.
477 2908 793 2967 Ἀριστοφάνης
823 2910 927 2962 γοῦν
955 2933 1011 2939 --
1043 2906 1164 2963 παρὰ
1195 2906 1244 2948 δὲ
1279 2912 1371 2954 τοῖς
1402 2908 1610 2959 κωμικοῖς
1654 2898 1681 2956 ἡ
1721 2899 1824 2954 περὶ
