2014 3204
690 265 1000 305 -121—

90 385 226 426 lebant
255 389 387 424 tamen
424 383 628 424 etiamtum
673 383 715 422 in
758 381 899 422 fabulis
935 381 1095 422 cantica.
1154 382 1287 434 Itaque
1331 395 1421 423 cum
1450 382 1538 435 plus
1566 383 1609 422 in

92 453 254 495 canticis
283 453 429 493 inesset
458 452 663 500 momenti,
692 463 808 503 quam
838 450 880 490 in
909 451 1073 499 actione,
1105 462 1188 491 non
1217 450 1361 492 mirum
1408 456 1479 499 est,
1523 451 1608 492 exi—

91 535 207 576 guam
228 522 302 575 ipsi
321 519 484 563 scaenae
505 520 761 567 exornandae,
790 519 938 572 iisque,
968 520 1128 572 quaein
1158 532 1298 560 scaena
1320 520 1608 573 spectabantur,

92 592 223 632 datam
252 591 374 632 fuisse
405 602 577 643 operam.
636 589 750 639 Quod
779 594 914 629 tamen
952 595 997 629 ut
1025 588 1116 629 licet
1159 588 1385 629 coniectura
1429 591 1610 641 augurari

96 665 135 702 et
164 672 298 700 earum
330 658 580 712 potissimum
609 670 742 698 rerum
774 657 1068 698 enumeratione
1098 658 1372 705 confirmatur,
1419 671 1518 711 quae
1562 659 1610 699 ad

93 729 326 782 Aeschylum
356 734 555 768 auctorem
585 726 864 775 referuntur1)‚
894 727 947 766 ita
978 738 1050 779 pro
1082 731 1189 766 certo
1209 726 1397 767 affirmari
1426 739 1507 766 non
1536 740 1610 779 po-

92 802 192 846 test,
223 797 422 850 quoniam,
453 796 577 849 qualis
605 795 725 835 fuerit
753 794 973 847 Thespidos
1012 807 1164 842 scaena,
1209 795 1373 836 omnino
1403 807 1484 836 non
1514 809 1611 836 con-

93 870 182 908 stat
239 866 336 906 Nam
381 865 485 918 quod
530 877 619 905 cum
665 864 747 904 aliis
786 863 1083 913 (Dioscorid.
1116 864 1192 917 Ep.
1228 864 1290 904 16.
1324 865 1388 904 17.
1419 864 1611 904 Antho-

92 936 186 988 log.
216 934 367 975 Palat.
398 933 476 973 Vll.
508 933 601 973 410.
636 934 703 984 11)
735 932 979 973 Horatius
1011 933 1102 973 dicit
1130 933 1318 986 plaustris
1352 934 1504 974 vexisse
1548 933 1610 973 fa-

93 1003 205 1044 bulas
232 1015 324 1044 suas
352 1003 537 1056 Thespio,

95 1072 206 1123 (Art.
222 1077 353 1126 poet.
374 1072 597 1125 v.275sqq.
627 1071 801 1124 [quotum
820 1072 982 1124 trayicae
999 1083 1117 1123 yenus
1146 1073 1328 1112 invenisse
1362 1071 1547 1112 Camenae

620 1139 769 1180 Dicitur
797 1147 831 1180 ec
858 1140 1042 1192 plaustris
1070 1143 1216 1181 vexisse
1239 1143 1416 1193 poemata
1446 1140 1610 1194 Thespis,

625 1209 730 1257 Quae
747 1216 924 1250 canerem
940 1216 1134 1261 agerentve
1146 1213 1322 1262 peruncti
1332 1210 1503 1263 faecibus
1514 1211 1612 1259 ora.)

92 1278 135 1319 in
181 1291 227 1319 eo
261 1278 517 1318 vehementer
560 1289 649 1317 eum
694 1278 834 1318 salsum
879 1291 964 1318 esse
1008 1277 1238 1330 iampridem
1290 1279 1615 1319 demonstrarunt

95 1346 317 1388 Welcker
362 1346 570 1398 (Nachtrag
625 1359 695 1387 zur
729 1347 1032 1399 Aeschylischen
1076 1346 1218 1398 Trilog.
1264 1360 1302 1399 p.
1348 1346 1446 1396 247)
1492 1351 1531 1387 et
1575 1347 1615 1387 C.

101 1416 145 1457 Ο.
177 1415 401 1463 Mueller,
447 1415 605 1464 (Rhein.
637 1416 813 1456 Museum
856 1417 893 1464 5,
936 1415 959 1455 3
989 1428 1027 1468 p.
1060 1413 1196 1468 3352).
1256 1415 1333 1455 Sed
1377 1421 1512 1456 tamen
1557 1416 1618 1455 vel

99 1497 147 1525 ex
176 1497 223 1524 eo
255 1496 391 1525 errore
421 1484 496 1524 hoc
524 1497 641 1537 posse
671 1485 826 1525 videtur
855 1484 1041 1536 intellegi,
1071 1485 1187 1524 etiam
1219 1485 1321 1536 apud
1352 1490 1503 1525 veteres
1547 1484 1617 1524 ad-

100 1554 264 1594 modum
293 1553 483 1594 incertam
505 1560 542 1594 et
563 1554 770 1594 obscuram
792 1553 913 1594 fuisse
936 1554 982 1593 de
1003 1553 1209 1605 Thespidis
1240 1565 1380 1594 scaena
1401 1553 1617 1593 scientiam.

100 1622 200 1663 Illud
244 1634 336 1663 vero
385 1634 510 1663 unum
556 1636 637 1664 non
683 1629 742 1663 est
786 1623 891 1676 quod
935 1621 1158 1662 dubitemus
1204 1626 1399 1668 statuere,
1444 1620 1619 1673 Thespin
1663 1677 1666 1680 Δ

102 1691 375 1741 histrionibus,
407 1705 507 1744 quos
538 1698 628 1733 ante
658 1704 915 1746 personarum
953 1703 1069 1732 usum
1098 1696 1301 1743 repertum
1344 1690 1401 1730 vel
1445 1689 1620 1730 faecibus

102 1766 318 1814 perunctos
347 1759 543 1810 traduntss)
574 1760 616 1799 in
636 1772 816 1800 scaenam
848 1759 1050 1812 prodiisse,
1089 1760 1149 1800 vel
1179 1771 1350 1806 cerussa,
1381 1759 1617 1806 andrachne,

105 1830 360 1880 ranunculo⁴)
391 1830 546 1876 tinctos,
583 1829 755 1881 primum
800 1829 956 1869 dedisse
999 1830 1125 1869 larvas
1155 1829 1308 1869 linteas.
1370 1827 1617 1880 Quamquam

103 1897 211 1938 enim
241 1899 420 1939 nonnulli
450 1899 525 1938 hoc
555 1910 712 1950 quoque
741 1898 945 1938 inventum
975 1898 1196 1951 Aeschylo⁵)
1227 1888 1420 1944 tribuunt,
1450 1903 1620 1950 praestat

103 1972 240 2007 tamen
269 1967 412 2008 Suidae
443 1967 554 2020 sequi
574 1966 862 2015 testimonium,
894 1967 963 2020 qui
994 1967 1174 2007 omnium
1196 1979 1298 2007 unus
1329 1966 1619 2007 accuratissime

103 2035 152 2076 de
180 2036 252 2076 hac
280 2049 322 2076 re
363 2036 567 2089 disputans
597 2049 631 2075 v.
665 2036 879 2084 Θέσπις
923 2034 1017 2089 (καὶ
1046 2036 1219 2090 πρῶτον
1263 2034 1342 2089 μὲν
1385 2037 1540 2089 χρίσας
1569 2033 1617 2075 τὸ

102 2101 343 2159 πρόσωπον
378 2105 587 2159 ψιμυθίῳ
629 2102 941 2159 ἕτραγῴδησεν,
983 2105 1077 2145 εἶτα
1118 2102 1333 2159 ἀνδράχνῃ
1378 2102 1621 2144 ἕσκέπασεν

105 2170 154 2214 ἐν
182 2171 243 2227 τῷ
271 2168 625 2222 ἐπιδείκνυσθαι,
654 2172 730 2213 καὶ
762 2172 871 2227 μετὰ
899 2174 1034 2215 ταῦτα
1064 2171 1283 2228 εἰσήνεγκε
1313 2170 1387 2214 καὶ
1416 2173 1493 2228 τὴν
1535 2172 1622 2213 τῶν

198 2359 225 2402 ¹)
249 2359 463 2403 Cramer,
487 2360 658 2393 Anecd.
684 2359 836 2393 Paris.
861 2360 884 2394 l.
910 2372 941 2404 p.
968 2361 1021 2396 19.

196 2418 221 2460 2)
246 2416 294 2452 Cf.
314 2419 336 2451 Β
350 2428 367 2451 e
381 2430 398 2451 r
412 2430 431 2451 n
445 2419 466 2451 h
479 2429 497 2451 a
511 2429 529 2450 1·
542 2419 562 2451 d
576 2428 619 2462 y,
642 2417 827 2451 Grundriss
844 2419 904 2451 der
919 2419 1149 2460 griechischen
1166 2419 1359 2453 Litteratur
1375 2418 1404 2452 II
1422 2430 1451 2462 p.
1469 2418 1545 2451 566.
1565 2417 1619 2451 67.

196 2475 222 2521 ³)
244 2477 346 2510 Hor.
371 2477 469 2509 Art.
495 2481 617 2519 poet.
643 2476 720 2509 277.

194 2533 225 2576 ⁴)
249 2534 406 2567 Schol.
432 2532 583 2566 Arist.
606 2533 766 2576 Equit.
792 2533 869 2566 519.

196 2591 225 2634 ι5)
249 2591 527 2625 Euanthius
552 2590 603 2623 de
628 2591 896 2632 tragoedia
920 2596 965 2624 et
989 2592 1254 2625 comoedia:
1292 2592 1361 2624 Ora
1384 2601 1445 2624 sua
1470 2590 1620 2623 faecibus

107 2648 317 2692 pei-linebant
339 2649 487 2682 scaenici
500 2654 577 2681 ante
593 2659 688 2681 usum
712 2659 927 2691 personarum
951 2649 991 2682 ab
1010 2650 1180 2694 Aeschylo
1206 2654 1385 2692 repertum.
1417 2650 1441 2682 C
1454 2659 1471 2680 ι·
1485 2659 1503 2681 a
1516 2659 1547 2681 m
1561 2659 1578 2681 e
1592 2659 1620 2681 r.

110 2706 280 2740 Anecd.
303 2705 378 2740 Par.
402 2706 426 2739 1.
455 2706 507 2739 19.
534 2705 764 2750 Porphyr.
792 2707 833 2739 ad
858 2706 957 2739 Hor.
985 2707 1083 2740 Art.
1109 2711 1231 2751 poet.
1258 2707 1297 2740 V.
1324 2706 1401 2739 278.
1429 2706 1481 2738 79.

418 2762 500 2796 Post
522 2763 608 2795 hunc
632 2773 794 2807 personae
819 2764 992 2808 pallaeque
1018 2770 1172 2808 repertor
1196 2765 1356 2797 honestae

419 2821 611 2865 Aeschylus
636 2831 665 2854 e.
691 2832 721 2863 q.
746 2833 773 2855 s.

112 2875 142 2910 R
157 2888 175 2910 o
189 2888 207 2910 e
222 2877 300 2911 hle
317 2878 359 2911 ri
382 2878 515 2922 librum,
540 2879 595 2922 qui
620 2879 807 2923 inscriptus
832 2884 906 2912 est:
930 2904 952 2921 „
975 2878 1125 2920 Masken,
1150 2879 1204 2911 ihr
1221 2878 1394 2921 Ursprung
1420 2884 1484 2912 etc.
1501 2878 1620 2911 Petro-

112 2934 183 2978 poli
208 2935 316 2969 1833“
341 2935 506 2979 inspicere
531 2947 594 2969 non
620 2937 724 2980 potui.
762 2935 821 2978 [Cf.
848 2937 887 2969 de
919 2937 1080 2980 Aeschyli
1106 2947 1142 2969 re
1167 2937 1322 2970 scaenica
1346 2935 1381 2968 P.
1408 2934 1457 2976 11.]
