2014 3204
927 206 1239 247 —112—

328 330 471 364 verunt
501 324 640 364 studia.
692 323 777 371 Quo
809 322 954 363 factum
979 328 1048 369 est,
1081 328 1125 362 ut
1156 323 1203 363 de
1234 322 1414 376 Aeschyli
1445 336 1526 364 non
1557 325 1701 374 minus,
1731 339 1850 379 quam

328 393 377 432 de
409 392 629 445 Sophoclis,
661 391 870 443 Euripidis,
902 391 1175 443 Aristophanis
1215 404 1304 432 cum
1335 392 1520 432 universo
1550 393 1723 446 ingenio,
1768 401 1851 436 tum

327 462 376 500 de
407 461 649 513 singularum
680 459 901 500 fabularum
933 460 1093 518 consilio
1133 466 1172 500 et
1212 461 1405 501 sententia
1438 462 1530 501 satis
1559 462 1717 514 quidem
1746 476 1854 505 nunc

327 535 492 578 constet,
533 536 577 571 ut
606 529 804 571 innumeri
850 532 1056 581 poetarum
1098 528 1172 568 loci
1218 529 1277 569 vel
1323 530 1453 570 critica
1499 535 1583 570 arte
1626 543 1733 572 nunc
1776 532 1855 572 sint

329 597 466 644 sanati,
515 598 573 637 vel
603 598 756 638 ratione
801 597 1054 650 grammatica
1100 598 1281 650 expediti,
1327 598 1384 638 vel
1429 611 1642 652 permagna
1687 600 1854 653 denique

327 677 459 704 rerum
491 662 666 719 undique
698 667 901 706 allatarum
933 666 1042 718 copia
1072 665 1277 713 illustrati,
1309 671 1348 705 at
1378 668 1578 719 quomodo
1623 668 1683 720 agi
1721 668 1855 710 solitae

329 733 478 773 fuerint
509 735 593 775 illae
626 735 791 783 fabulae,
823 748 922 788 quae
953 734 1074 774 fuerit
1104 747 1256 782 scaena,
1288 735 1412 786 qualis
1444 748 1607 777 scaenae
1639 738 1857 788 adornati0‚

331 802 444 854 quale
475 803 717 844 histrionum
751 809 790 843 ct
811 804 1089 843 choreutarum
1121 802 1343 851 artificium,
1376 817 1419 843 ea
1451 806 1580 847 omnia
1611 819 1662 846 ne
1692 807 1857 847 minima

329 871 489 922 quidem
520 885 566 911 ex
597 879 707 924 parte
738 872 830 913 satis
862 878 1040 912 accurate
1072 871 1149 911 sint
1179 871 1461 922 adumbratw).

443 941 693 981 Atenimvero
726 942 765 980 in
797 953 937 994 magno
960 953 1094 980 errore
1124 940 1150 980 ii
1182 940 1366 980 videntur
1395 941 1554 990 versari,
1587 942 1654 995 qui
1676 948 1855 983 veterum

330 1008 573 1055 dramata,
604 1023 703 1062 quae
733 1016 777 1050 ut
809 1011 888 1050 sola
919 1009 1071 1049 actione
1103 1008 1372 1057 continentur,
1404 1010 1456 1050 ita
1501 1022 1646 1051 nomen
1692 1012 1858 1052 invene-

329 1081 424 1116 runt
456 1076 503 1116 ab
534 1078 708 1129 agendo,
753 1084 857 1118 recte
902 1078 1129 1129 intellegere
1174 1083 1213 1117 et
1256 1079 1508 1130 interpretari
1553 1080 1610 1119 sic
1648 1094 1690 1121 se
1741 1094 1858 1134 posse

330 1144 566 1192 existimant,
597 1152 654 1195 ut,
676 1160 774 1199 quae
806 1146 968 1186 omnino
999 1146 1118 1186 fuerit
1140 1146 1454 1198 spectaculorum
1486 1147 1584 1187 ratio
1615 1154 1732 1201 atque
1761 1162 1852 1190 con—

333 1213 449 1261 dicio,
482 1214 596 1266 plane
626 1226 707 1254 non
740 1219 943 1268 quaerant.
1006 1214 1161 1254 Scilicet
1192 1214 1453 1267 mysteria,
1492 1216 1597 1268 quod
1633 1217 1861 1269 antiquissi-

334 1295 441 1322 mum
474 1283 575 1335 apud
622 1288 779 1323 nostros
826 1284 900 1323 fuit
945 1288 989 1323 ut
1034 1283 1135 1335 apud
1166 1283 1339 1323 Francos
1371 1283 1592 1337 Anglosque
1637 1285 1860 1326 dramatum

332 1363 469 1402 genus,
501 1357 609 1391 recte
640 1352 754 1392 nobis
785 1352 1007 1392 videbimur
1037 1352 1248 1392 diiudicare
1283 1352 1525 1404 ignorantes,
1573 1354 1698 1406 qualis
1743 1355 1784 1394 in
1814 1354 1861 1395 iis

332 1419 494 1459 edendis
526 1421 644 1460 fuerit
676 1422 990 1474 spectaculorum
1021 1426 1245 1473 apparatus,
1278 1426 1428 1473 quanto
1474 1435 1606 1474 opere,
1651 1428 1695 1463 ut
1736 1435 1860 1463 unum

333 1490 555 1541 exemplum
578 1490 750 1538 afferam,
781 1490 942 1543 triplicis
959 1502 1134 1538 scaenae,
1166 1489 1277 1538 coeli,
1309 1495 1448 1539 terrae,
1480 1490 1698 1531 inferorum
1720 1497 1861 1532 ornatu

331 1563 601 1609 spectatorum
639 1559 759 1599 animi
803 1565 888 1600 tum
934 1559 1038 1612 capti
1081 1558 1228 1599 fuerint
1277 1563 1392 1610 atque
1437 1559 1689 1611 constricti2).
1748 1560 1862 1608 Quid,

334 1625 438 1677 quod
471 1626 776 1680 Shaksperii
823 1628 1057 1679 tragoedias,
1102 1640 1152 1667 ne
1182 1626 1340 1666 Tieckio
1386 1628 1545 1680 quidem
1594 1640 1699 1669 nunc
1741 1641 1864 1681 repu—

333 1693 532 1746 gnante³)‚
562 1697 681 1737 hodie
711 1709 791 1737 non
825 1710 941 1749 posse
972 1695 1229 1737 consentiunt
1261 1695 1433 1747 integras
1454 1697 1495 1735 in
1512 1709 1693 1737 scaenam
1712 1697 1863 1746 reduci,

333 1764 410 1804 nisi
442 1765 473 1804 si
506 1765 642 1805 eadem
673 1778 838 1818 prorsus
882 1766 982 1807 facta
1014 1766 1065 1806 sit
1095 1777 1248 1815 scaena,
1296 1777 1397 1816 quae
1442 1770 1538 1805 tunc
1582 1766 1685 1818 apud
1715 1765 1861 1817 Anglos

333 1837 463 1877 fuerat
495 1834 795 1887 simplicissima.
857 1835 915 1875 An
948 1834 1254 1876 Schillerum
1286 1839 1481 1882 nostrum,
1514 1845 1631 1886 quem
1663 1833 1725 1874 vix
1755 1833 1864 1886 quis-

335 1914 453 1953 quam
485 1902 626 1943 dixerit
656 1905 782 1944 solum
817 1904 919 1956 vulgi
949 1910 1152 1957 stuporem
1184 1903 1425 1955 inanemque
1457 1903 1663 1942 oculorum
1694 1902 1866 1943 oblecta-

335 1970 484 2011 tionem
523 1977 735 2024 spectasse,
767 1973 851 2013 sine
883 1985 997 2013 causa
1027 1972 1254 2025 putabimus
1295 1977 1444 2012 tantam
1475 1971 1516 2011 in
1549 1983 1687 2011 scaena
1717 1971 1866 2012 descri-

434 2123 460 2165 1)
485 2123 534 2157 Cf.
563 2124 591 2157 A
606 2134 627 2156 u
641 2135 671 2165 g.
700 2123 743 2157 W
759 2124 771 2156 i
785 2124 842 2156 lh.
869 2124 891 2156 S
906 2135 924 2156 c
937 2124 984 2157 hl
999 2134 1016 2156 e
1031 2133 1052 2165 g
1065 2124 1108 2156 el
1132 2123 1269 2166 „Ueber
1294 2123 1349 2155 die
1374 2121 1548 2155 scenische
1573 2121 1784 2166 Auordnung
1807 2124 1867 2157 der

338 2181 574 2222 griechischen
599 2181 846 2225 Schauspiele“
873 2182 905 2214 in
931 2181 1114 2224 appendice
1140 2181 1266 2213 tertiae
1291 2180 1451 2213 editionis
1477 2179 1573 2221 libri,
1598 2181 1654 2223 qui
1679 2181 1867 2224 inscriptus
1920 2201 1923 2203 -

339 2244 407 2272 est:
435 2238 691 2283 „Vorlesungen
727 2239 810 2271 iiber
843 2239 1069 2272 dramatische
1095 2237 1206 2272 Runst
1237 2239 1303 2271 und
1338 2238 1525 2271 Literatur.
1574 2237 1718 2281 Leipzig
1746 2237 1866 2274 1846.“

337 2296 407 2329 vol.
434 2295 458 2329 Ι.
491 2308 520 2340 p.
555 2298 636 2330 259:
676 2295 763 2339 „Mit
795 2297 856 2329 den
895 2296 1071 2338 gelehrten
1096 2296 1354 2338 Herausgebern
1393 2297 1452 2328 der
1476 2295 1691 2328 Dramatiker
1725 2296 1784 2329 bin
1813 2296 1868 2329 ich

339 2353 470 2386 seltner
500 2354 532 2385 in
567 2352 694 2386 Gefahr
725 2353 759 2385 in
795 2353 1044 2395 Widerspruch
1074 2364 1113 2385 zu
1144 2355 1326 2395 gerathen:
1365 2354 1451 2386 deun
1488 2353 1538 2385 sie
1574 2354 1681 2386 haben
1706 2354 1867 2387 meistens

339 2409 423 2443 iiber
451 2410 504 2444 die
539 2422 605 2444 von
635 2410 701 2443 mir
725 2421 767 2442 zu
793 2412 1016 2443 eriirternden
1042 2410 1174 2443 Punkte
1208 2420 1267 2451 gar
1292 2409 1390 2442 keine
1416 2408 1577 2451 Meinung
1601 2408 1798 2451 geiiussert3
1831 2406 1867 2448 ja

339 2469 512 2502 manchem
547 2469 680 2502 scheiut
714 2478 751 2502 es
784 2468 926 2501 niemals
959 2467 1164 2511 eingefallen
1195 2479 1238 2500 zu
1269 2467 1354 2509 sein,
1391 2467 1468 2499 dass
1499 2476 1572 2498 man
1608 2465 1754 2498 dariiber
1792 2465 1867 2498 eine

341 2527 502 2569 Meinung
526 2527 631 2569 hegen
656 2525 800 2559 konnef‘

432 2583 457 2626 ²)
484 2583 552 2626 „Et
576 2582 661 2616 ‹Stait
686 2583 719 2616 la
744 2583 871 2616 bouche
898 2582 927 2615 d’
947 2581 1052 2615 Enfer
1068 2580 1140 2615 tres
1166 2581 1244 2615 bien
1263 2580 1362 2614 faite:
1388 2591 1446 2613 car
1463 2580 1531 2613 elle
1549 2579 1685 2613 ouvrait
1701 2584 1736 2612 et
1752 2579 1868 2621 cloait,

342 2642 449 2684 quand
475 2642 526 2674 les
544 2640 672 2674 diables
698 2651 720 2684 y
746 2640 922 2673 voulaient
947 2644 1063 2672 entrer
1082 2644 1117 2672 et
1136 2640 1253 2672 issir“‚
1281 2638 1323 2671 cf.
1350 2638 1644 2680 Beauchamps,
1670 2637 1868 2669 recherches

343 2709 402 2731 sur
435 2698 486 2730 les
519 2695 681 2730 theatres.
716 2695 759 2729 fr.
792 2696 815 2729 Ι.
842 2697 918 2729 253.
969 2696 1130 2729 Heinrich
1154 2695 1246 2738 Alt,
1286 2695 1434 2728 Theater
1459 2695 1525 2727 und
1551 2692 1677 2726 Hirche
1701 2694 1736 2726 in
1762 2694 1869 2726 ihrem

343 2754 597 2797 gegenseitigen
623 2753 841 2788 Verhi‘iltniss
866 2753 1053 2786 historisch
1077 2753 1289 2794 dai-gestent.
1341 2752 1455 2785 Berlin
1483 2751 1582 2784 1846.
1608 2762 1636 2793 p.
1664 2750 1741 2783 390.

435 2810 462 2853 ³)
488 2812 574 2844 Sha
590 2810 841 2853 kspeare's
890 2810 1047 2844 Macbeth
1094 2811 1261 2843 erl'dutert
1300 2810 1366 2842 und
1407 2808 1600 2850 gewiirdigt
1640 2818 1705 2842 von
1745 2806 1870 2840 Robert

344 2869 507 2903 Heinrich
532 2866 659 2900 Hieck
671 2876 699 2899 e.
747 2867 947 2909 Merseburg
976 2868 1073 2901 1846,
1098 2879 1127 2911 p.
1156 2868 1219 2901 106
1245 2877 1313 2910 sqq.
