2014 3204
952 218 1256 259 -220-

1749 266 1767 279 0

347 336 475 376 omnis
505 339 585 378 sere
616 337 715 378 actio
753 338 795 378 in
827 338 1101 378 choreutarum
1132 336 1282 376 inesset
1311 334 1526 383 saltatione,
1558 335 1708 375 exculta
1734 335 1860 388 magis
1889 376 1899 383 ,

346 406 546 459 magisque
576 419 645 459 per
675 407 908 460 Aeschylum
939 412 977 446 et
998 406 1232 458 Sophoclem
1263 404 1475 456 tragoedia,
1505 405 1551 444 ad
1585 405 1794 446 histriones
1815 417 1860 445 ea

344 475 530 527 paulatim
562 476 754 516 transiret.
803 477 888 524 Quo
919 479 1080 523 factum,
1109 480 1153 515 ut
1183 474 1410 514 Aristoteles
1439 474 1628 526 problem.
1660 474 1760 515 XIX.
1792 473 1857 514 48.

344 557 439 584 suae
470 546 606 585 aetatis
637 546 798 586 chorum
830 546 905 585 iam
935 550 1039 584 recte
1072 544 1201 584 dicere
1238 549 1372 596 posset
1414 542 1632 583 otiosum
1664 544 1859 596 quendam

345 619 565 655 curatorem
597 614 805 668 ,κηδευτὴν
836 612 1080 667 ἄπρακτον·
1126 610 1302 653 εὔνοιαν
1345 611 1426 666 γὰρ
1457 609 1593 665 μόνον
1622 609 1860 666 παρέχεται

344 680 410 731 οἷς
430 678 623 737 πάρεσιν
643 690 764 736 utque
786 690 876 725 ante
897 697 985 724 eum
1007 684 1288 735 Aristophanes
1311 683 1369 722 vel
1390 683 1509 730 Plato,
1541 686 1654 733 poeta
1675 680 1859 729 comicus,

344 758 664 805 conquereretur,
711 753 815 805 quod
844 759 1046 805 tamquam
1079 751 1243 792 fulmine
1273 750 1463 791 attonitus
1493 750 1706 791 immobilis
1735 761 1859 803 paene

347 822 532 862 clamaret
561 836 630 862 sua
661 822 829 862 cantica:

410 887 527 931 ‘'..Qo‘t'
558 892 600 931 εἴ
628 906 694 939 τις
725 888 891 945 ὀρχοῖτ’
922 886 981 939 εὖ,
1011 887 1140 944 θέαμ’
1174 886 1235 945 ἦν·
1266 889 1342 930 νῦν
1373 887 1421 930 δὲ
1451 887 1614 943 δρῶσιν
1644 884 1783 936 οὐδέν,

417 956 513 1000 ἀλλ’
544 956 694 1014 ὥσπερ
723 955 1003 1015 ἀπόπληκτοι
1034 955 1198 1014 στάδην
1228 956 1441 1014 ὠρύονται
1458 957 1499 1008 ¹).

454 1030 498 1069 ln
529 1041 609 1069 uno
639 1035 772 1070 tamen
803 1029 1046 1070 canticorum
1090 1028 1323 1079 tragicorum
1354 1039 1511 1079 genere,
1542 1027 1647 1080 quod
1679 1025 1726 1066 ab
1756 1025 1860 1066 anti-

342 1097 427 1150 quis
456 1098 543 1145 illis,
574 1098 622 1138 de
653 1098 795 1150 quihus
827 1110 942 1150 supra
974 1098 1118 1138 dictum
1149 1103 1233 1144 est,
1280 1096 1592 1148 hyporchematis
1635 1094 1858 1148 hyporche-

341 1167 471 1207 matici
501 1178 649 1207 nomen
677 1167 840 1215 invenit,
888 1167 1031 1207 diutius
1075 1172 1227 1207 retenta
1259 1170 1319 1205 est
1349 1165 1504 1204 mimica
1533 1164 1596 1204 illa
1638 1161 1856 1203 saltationis

279 1231 281 1233 ’
342 1235 410 1276 vis.
471 1236 588 1276 Cuius
632 1236 787 1289 quidem
835 1236 989 1288 generis
1019 1236 1132 1276 aliam
1162 1234 1283 1274 fuisse
1312 1235 1506 1274 rationem
1538 1244 1655 1286 quam
1685 1230 1859 1283 reliquo—

341 1317 445 1352 rum,
476 1319 575 1358 quae
605 1305 646 1345 in
678 1306 869 1358 tragoedia
900 1306 1047 1352 insunt,
1079 1303 1336 1350 canticorum,
1370 1302 1486 1342 veluti
1516 1300 1666 1354 parodi,
1697 1297 1858 1345 stasimi‚

342 1375 453 1414 exodi
499 1375 559 1414 vel
596 1387 642 1414 eo
673 1374 913 1426 intellegitur
954 1374 1059 1427 quod
1090 1385 1179 1412 cum
1211 1371 1447 1412 discernitur
1489 1370 1535 1410 ab
1580 1369 1626 1410 iis
1671 1366 1857 1408 omnibus

341 1449 426 1483 tum
457 1456 549 1483 vero
580 1444 694 1496 plane
727 1444 941 1496 opponitur
978 1442 1176 1487 stasimis‚
1223 1441 1363 1492 quihus
1408 1439 1574 1492 plurima
1616 1437 1857 1478 canticorum

340 1525 429 1564 pars
475 1517 643 1552 constat.
705 1513 918 1559 Cramer,
964 1511 1154 1551 Anecdot.
1185 1510 1393 1550 I’arisiens.
1431 1509 1475 1548 T.
1506 1509 1533 1548 Ι.
1564 1521 1602 1560 p.
1640 1505 1701 1546 19.
1761 1505 1855 1546 Cod.

344 1582 462 1621 1773.
522 1580 595 1635 τῆς
624 1581 830 1636 τραγικῆς
861 1578 1080 1635 ποιήσεως
1111 1577 1205 1632 εἴδη
1238 1577 1325 1618 εἰσὶ
1357 1577 1462 1618 δέκα
1492 1575 1731 1630 πρόλογος,
1777 1572 1856 1625 ἄν»

338 1649 473 1702 γελος,
505 1648 747 1704 ἐξάγγελος,
781 1645 994 1704 πάροδος,
1026 1645 1314 1702 ἐπιπάροδος,
1348 1646 1575 1701 στάσιμον,
1615 1641 1855 1698 ὑπερμα-

339 1717 519 1767 κτικός
549 1721 671 1773 (quod
703 1720 977 1772 corrigendum
1009 1725 1068 1759 est
1097 1718 1139 1758 in
1183 1711 1681 1770 ὑπορχηματικός),
1725 1710 1857 1767 ἄμοι-

338 1789 479 1840 βαῖοι,
512 1786 724 1842 σκηνικός.

452 1858 582 1897 Tzetz.
616 1858 758 1897 Anecd.
792 1857 1004 1897 Oxoniens.
1035 1856 1077 1895 T.
1108 1856 1171 1896 ΙΙΙ.
1203 1867 1240 1907 p.
1272 1854 1365 1895 346.

661 1924 898 1980 πρόλογος,
930 1920 953 1966 ὁ
985 1922 1187 1978 ἄγγελος,
1219 1920 1447 1974 ἕξάγγελός
1477 1934 1522 1962 τε

662 1993 872 2049 πάροδος,
904 1992 1182 2047 ἕπιπάροδος
1213 1991 1285 2034 καὶ
1317 1988 1530 2044 σιάσιμον

605 2064 794 2118 ἕβδομον
824 2061 1270 2118 ὑπορχηματικὸν
1300 2060 1379 2102 σὺν
1408 2057 1590 2105 τούτοις.

453 2135 582 2175 Schol.
614 2135 794 2188 Sophocl.
825 2134 1006 2174 Trachin.
1037 2146 1070 2173 v.
1104 2131 1198 2172 216.
1245 2125 1459 2184 oe'slqou'
1491 2123 1606 2168 οὐδ’
1639 2121 1856 2165 ἀπώσο-

339 2218 459 2258 μαιε
491 2201 811 2257 μετεωρίζομαι
844 2201 890 2243 ἓν
919 2202 978 2255 τῷ
1008 2199 1202 2256 χορεύειν
1224 2200 1285 2248 εἷς
1316 2196 1391 2240 τὸν
1421 2193 1529 2250 ἀέρα
1559 2192 1632 2235 καὶ
1662 2191 1751 2235 ἄνω
1783 2193 1855 2232 αἵ-

340 2285 486 2326 eonon·
532 2271 587 2312 ἰὸ
632 2270 730 2324 γὰρ
775 2268 1096 2325 μελιδοὶριον
1141 2267 1229 2310 οὕκ
1274 2267 1390 2309 ἐστι
1433 2260 1714 2318 στοίσιμονε
1761 2258 1855 2302 ἀλλ’

339 2339 426 2382 ὑπὸ
457 2337 615 2396 ἡδονῆς
647 2338 887 2396 ὀρχοῦνται.

454 2412 551 2453 Nam
582 2413 614 2452 si
645 2412 748 2453 aliud
780 2411 875 2452 nihil
904 2410 1153 2462 significaret,
1193 2407 1268 2448 nisi
1303 2406 1341 2447 id
1374 2415 1560 2450 carmen,
1604 2402 1645 2442 in
1688 2414 1765 2454 quo
1810 2401 1857 2440 ad

341 2487 498 2522 cantum
531 2482 705 2528 saltatur,
738 2481 811 2520 hoc
832 2480 990 2533 quidem
1021 2478 1204 2518 omnibus
1234 2475 1454 2528 tragoediae
1485 2470 1655 2519 canticis,
1686 2469 1857 2510 stasimis

341 2564 423 2590 non
455 2550 599 2597 minus,
632 2562 749 2603 quam
780 2549 935 2601 parodis
968 2553 1006 2587 et
1037 2547 1181 2594 exodis‚
1213 2555 1424 2586 commune
1456 2545 1528 2581 est.
1577 2541 1714 2593 ltaque
1744 2538 1857 2579 aliam

342 2620 390 2659 oh
422 2632 578 2659 causam
609 2631 773 2659 necesse
803 2622 864 2658 est
892 2617 946 2657 ita
977 2622 1168 2662 vocatum,
1200 2613 1385 2654 nimirum
1417 2622 1520 2657 eam,
1566 2608 1669 2661 quod
1696 2612 1858 2660 propter

342 2701 538 2740 magnam,
570 2700 687 2740 quam
719 2686 874 2734 hahent,
908 2697 1162 2726 numerorum
1195 2681 1429 2723 celeritatem
1452 2678 1636 2729 antiquae
1656 2676 1758 2716 illius
1778 2675 1856 2716 sal·

438 2844 467 2893 ¹)¹
489 2853 638 2886 Athen.
671 2850 761 2884 XIV.
788 2861 817 2893 p.
842 2848 919 2883 628.
949 2849 979 2881 d.
1011 2847 1219 2888 Meincke,
1249 2844 1433 2885 fragmenta
1463 2845 1638 2884 poetarum
1668 2838 1856 2872 comoediae

344 2910 511 2953 antiquae.
538 2910 575 2943 ΙΙ.
602 2920 631 2952 p.
658 2908 734 2941 659.
