2014 3204
907 255 1188 294 -10—

285 368 534 419 Muellerus¹)
577 369 746 421 denique
783 369 964 420 iugorum
1003 370 1152 422 primos
1184 371 1243 421 (a,
1274 371 1319 418 b,
1351 384 1389 422 c,
1421 372 1467 419 d,
1499 374 1536 422 e)
1568 374 1806 426 coryphaeos

283 438 508 477 nominatos
539 450 626 477 esse
656 438 803 485 statuit,
835 439 1008 478 medium
1040 435 1243 492 ἡγεμόνα.

396 505 489 545 Mihi
524 518 637 545 secus
674 518 716 545 se
753 506 898 546 habere
936 506 1092 547 videtur
1127 519 1203 546 res.
1274 506 1431 546 Etenim
1473 508 1506 547 si
1545 509 1637 560 quid
1679 509 1805 557 video,

283 574 589 625 coryphaeus
620 574 825 614 sinistri
846 586 1020 614 versus
1042 575 1228 614 tertius
1252 579 1358 615 erat
1375 575 1446 627 (c),
1477 588 1606 629 neque
1627 590 1803 630 unquam

282 642 413 693 plures
444 642 668 694 coryphaei,
708 642 773 682 sed
813 643 946 694 plures
978 638 1183 696 ἡγεμόνες
1216 643 1365 692 (duces)
1400 643 1606 684 exstabant
1636 658 1803 697 quorum

282 710 464 762 princeps
510 716 764 763 κορυφαῖος.
833 711 1009 764 Namque
1050 711 1312 763 coryphaeus,
1358 711 1396 751 id
1434 712 1539 763 quod
1580 713 1662 764 ipsa
1699 714 1805 754 vocis

281 778 336 817 vis
382 779 563 830 augurari
607 778 739 825 iubet,
785 791 964 819 summus
1001 785 1040 819 et
1075 780 1259 831 princeps
1294 779 1522 831 perhibetur
1565 780 1675 820 chori
1711 780 1803 821 dux.

281 847 435 886 Schol.
486 848 541 886 ad
573 846 826 899 Aristoph.
860 848 979 887 Plut.
1013 861 1046 886 v.
1080 847 1173 887 954.
1206 853 1524 901 κορυφαῖος·
1557 842 1648 888 ὁὲν
1668 847 1805 907 βουλῇ
1878 829 1882 834 ’

280 928 467 968 πρωτος.

393 983 500 1022 Suid.
533 997 566 1022 v.
600 988 924 1036 κορυφαῖος·
957 978 979 1024 ὁ
1015 982 1184 1036 πρῶτος
1214 983 1299 1023 τῶν
1318 983 1544 1036 χορευτῶν.
1578 985 1803 1038 Principem

279 1051 571 1091 nobilissimum
594 1051 724 1090 locum
756 1052 931 1092 tenuisse
953 1058 1265 1092 consentaneum
1288 1057 1359 1092 est.
1421 1053 1514 1092 Erat
1535 1052 1801 1093 nobilissimus

277 1121 384 1160 locus
415 1119 518 1159 tertii
549 1132 686 1159 versus
718 1120 878 1159 sinistri.
946 1120 1039 1159 {nde
1069 1120 1128 1167 fit,
1169 1126 1214 1160 ut
1243 1121 1484 1172 coryphaeus
1522 1121 1653 1161 locum
1685 1122 1798 1162 illum

278 1188 464 1228 tenuerit.

388 1257 541 1309 Neque,
578 1269 656 1308 quo
694 1257 780 1296 loco
818 1261 900 1296 tota
942 1256 1119 1296 Muelleri
1159 1256 1293 1308 opinio
1326 1256 1478 1303 nititur,
1510 1256 1543 1296 is
1574 1256 1652 1296 ullo
1683 1258 1803 1297 modo

274 1326 467 1365 rationem
514 1337 641 1364 meam
679 1325 840 1371 refellit,
879 1325 1001 1364 immo
1040 1324 1354 1365 luculentissime
1394 1324 1542 1376 probat.
1612 1325 1681 1365 Est
1714 1336 1804 1366 vero

277 1393 529 1445 gravissimus
567 1399 607 1433 et
645 1393 926 1433 celeberrimus
963 1393 1025 1432 ille
1065 1393 1174 1432 locus
1205 1405 1224 1432 a
1258 1392 1392 1431 multis
1423 1392 1516 1431 viris
1548 1392 1670 1432 doctis
1699 1393 1804 1434 varie

275 1467 462 1502 tentatus.
494 1462 742 1501 Demosth.
784 1462 830 1501 in
869 1461 978 1501 Mid.
1017 1474 1054 1513 p.
1089 1459 1183 1500 533.
1215 1456 1267 1514 ἦν
1297 1459 1347 1500 δέ
1384 1460 1496 1501 ποθ’
1528 1457 1699 1515 ἡγεμών
1726 1460 1802 1515 τῆς

275 1528 415 1584 φυλῆς
446 1536 697 1583 κορυφαῖος.
759 1530 915 1569 Etenim
948 1543 1037 1569 cum
1069 1529 1166 1569 aliae
1201 1541 1358 1577 causae,
1393 1534 1477 1568 tum
1510 1528 1664 1580 linguae
1695 1541 1802 1578 usus,

274 1599 488 1651 quominus
530 1611 577 1638 ex
619 1599 694 1638 hoc
733 1599 818 1638 loco
858 1598 992 1650 plures
1030 1597 1290 1649 coryphaeos,
1336 1609 1462 1637 unum
1502 1598 1644 1637 ducem
1681 1599 1804 1638 fuisse

273 1667 512 1719 colligamus,
542 1666 724 1719 prohibet
754 1672 797 1706 ut
827 1666 931 1718 quod
954 1666 1132 1706 maxime.
1185 1666 1281 1705 Cum
1305 1666 1411 1705 enim
1432 1666 1473 1705 in
1495 1666 1627 1718 lingua
1649 1679 1798 1718 graeca,

272 1736 304 1775 si
336 1748 411 1787 qua
443 1736 488 1775 ad
512 1736 714 1775 notionem
746 1735 962 1787 principem
995 1734 1152 1774 accedat
1182 1734 1400 1774 accuratior
1431 1734 1622 1782 definitio,
1651 1740 1691 1774 et
1719 1735 1803 1787 ipsa

273 1803 519 1844 substantivo
550 1816 748 1856 expressa,
782 1815 861 1843 non
894 1809 936 1842 ut
967 1802 1006 1842 in
1038 1803 1241 1842 vernacula
1273 1802 1405 1852 (sicuti
1435 1803 1476 1842 in
1506 1803 1625 1842 verbo
1647 1802 1799 1855 Haupt-

276 1873 509 1925 Anfithrer),
549 1885 637 1912 cum
677 1872 839 1911 notione
879 1870 1057 1923 principe
1096 1871 1137 1909 in
1169 1883 1291 1910 unum
1324 1870 1428 1910 coire
1458 1871 1585 1923 possit
1618 1870 1799 1910 verbum:

274 1941 438 1993 ponitur
478 1941 559 1991 illa,
600 1954 716 1993 quem
757 1941 883 1980 solum
925 1946 1062 1979 tenere
1092 1944 1403 1979 consentaneum
1434 1944 1513 1986 est,
1545 1939 1804 1991 appositionis

273 2011 372 2049 loco.
433 2010 541 2057 Quae
571 2022 659 2049 cum
692 2010 744 2049 ita
774 2010 854 2049 sint
884 2004 1054 2062 ἡγεμών
1083 2007 1156 2060 τῆς
1187 2006 1326 2061 φυλῆς
1347 2013 1585 2061 κορυφαῖος
1614 2019 1697 2046 non
1718 2019 1805 2047 esse

273 2083 403 2130 potest
444 2078 519 2117 nisi
558 2074 730 2132 ἡγεμών
768 2078 836 2129 qui
875 2076 992 2116 simul
1040 2081 1099 2115 est
1142 2081 1396 2128 κορυφαῖος.
1472 2075 1585 2115 Unde
1623 2075 1804 2123 efficitur,

274 2147 416 2186 multos
448 2146 557 2185 chori
589 2146 708 2185 duces
738 2145 881 2190 fuisse,
914 2145 1152 2196 coryphaeos
1183 2143 1380 2195 principes
1412 2156 1492 2183 non
1514 2143 1622 2191 item,
1654 2155 1802 2183 unum-

274 2226 472 2266 quemque
490 2213 752 2264 coryphaeum
767 2209 958 2265 ἡγεμόνα
975 2213 1147 2263 (ducem)
1163 2212 1301 2260 fuisse,
1316 2217 1354 2251 at
1370 2223 1451 2251 non
1468 2211 1644 2264 quemvis
1662 2212 1801 2252 ducem

275 2282 554 2334 coryphaeum.
625 2280 744 2332 quue
781 2280 1115 2332 quemadmodum
1154 2280 1489 2333 simplicissimum
1520 2280 1685 2332 ideoque
1721 2279 1805 2320 veri

274 2349 517 2389 simillimum
550 2353 629 2396 est,
659 2348 711 2388 ita
742 2353 920 2387 veterum
951 2348 1189 2387 testimoniis
1222 2349 1373 2400 egregie
1405 2349 1672 2389 confirmatur.

387 2418 441 2457 Ac
470 2417 643 2469 primum
674 2417 832 2468 quidem
866 2416 1079 2456 clarissima
1106 2417 1171 2456 lux
1195 2418 1355 2470 affulget
1385 2417 1499 2457 nobis
1527 2430 1574 2456 ex
1596 2416 1804 2456 Himerii

272 2488 358 2526 loco
398 2486 551 2537 eclog.
589 2484 652 2524 13.
685 2488 720 2533 ξ.
753 2484 819 2524 29.
853 2486 913 2524 ed.
947 2485 1191 2525 Wernsdorf.
1245 2480 1294 2525 ‘O
1325 2484 1374 2525 δὲ
1399 2483 1451 2539 δὴ
1472 2484 1557 2525 τῶν
1582 2483 1804 2535 Τελχίνων

272 2570 318 2595 τε
348 2552 518 2608 ἡγεμών
548 2549 622 2592 καὶ
660 2558 902 2606 κορυφαῖος
933 2547 1216 2606 καλούμενος,
1263 2551 1429 2607 πληγήν
1460 2554 1638 2606 καιρίαν
1667 2546 1808 2598 δεξοὶέ

275 2637 416 2676 μενος,
450 2622 590 2662 στένει
622 2619 823 2675 δακρύων
852 2620 928 2661 τὸν
959 2618 1166 2674 πόλεμον.

390 2691 430 2730 Si
458 2687 628 2744 ἡγεμών
665 2703 734 2742 per
770 2703 813 2730 se
852 2695 956 2730 esset
996 2691 1252 2742 coryphaeus,
1293 2689 1510 2729 abundaret
1539 2700 1701 2740 prorsus
1731 2689 1800 2729 ad-

276 2760 401 2799 ditum
443 2757 516 2798 καὶ
555 2765 809 2813 κορυφαῖος.
876 2759 925 2797 At
963 2758 1153 2809 significat
1189 2758 1422 2798 Telchinum
1461 2757 1602 2798 ducem
1632 2770 1804 2810 eumque

369 2906 395 2949 ¹)
419 2907 455 2940 In
480 2906 643 2950 Aeschyl.
669 2905 842 2939 Eumenid.
870 2917 898 2948 p.
927 2905 979 2937 83.

1838 0 1847 13 i
1863 0 1882 24 'J
1889 0 1993 30 4533·
2002 0 2014 19 ,4
