2014 3204
733 245 1044 287 —149—

169 364 171 366 ’
242 369 288 409 ln
317 368 678 419 Agamemnone
710 354 973 414 adArgorum
992 361 1139 413 regiam
1169 372 1233 401 res
1253 362 1442 412 aguntum*
1466 358 1509 400 in
1537 357 1650 398 cuius

130 443 238 481 tecto
269 436 435 479 excubat
464 434 634 482 custosl)

188 520 225 548 v.
258 507 283 546 1>
314 516 399 559 sqq.
431 502 622 555 (Custos).

246 572 385 622 Θεούς
414 571 495 627 μὲν
523 569 634 612 αἶτῶ
661 563 793 610 τῶνδ’
824 563 1084 621 ἀπαλλαγὴν
1115 565 1266 609 πόνων

246 642 447 699 Φρουρᾶς
475 639 616 688 ἐτείας
645 636 790 692 μῆκος,
820 632 874 690 ἢν
902 634 1175 689 κοιμώμενος

244 713 437 763 Στέγας
460 705 747 761 Ἀτρειδῶν
777 703 990 756 ἄγκαθεν,
1021 703 1147 752 κυνὸς
1178 701 1304 758 δικὴν

235 779 429 836 Ἄστρων
457 775 644 819 κάτοιδα
671 774 889 828 νυκτέρων
919 769 1132 827 ὁμήγυριν
1161 787 1198 813 κ.
1228 787 1264 813 τ.
1297 771 1335 813 λ.

186 847 225 893 ἡ.
255 850 350 891 504.
381 861 468 901 sqq.
502 846 695 895 (Praeco.)

211 914 308 960 s’Im*
336 915 589 973 μέλαθρα
618 910 907 968 βασιλέων,
939 908 1070 965 φίλαι
1100 910 1254 961 στέγαι

203 1018 206 1019 ⁷
242 987 403 1042 Σεμνοί
431 1000 479 1026 τε
497 984 655 1032 θᾶκοι,
685 980 943 1034 δαίμονές
971 975 1010 1019 τ’
1042 975 1294 1032 ἀντήλιοι
1325 993 1361 1019 κ.
1391 993 1428 1019 τ.
1459 977 1498 1019 λ.
1534 977 1583 1019 cf.
1615 990 1649 1017 v.

320 1054 417 1096 825.
449 1065 532 1106 sqq.
565 1050 660 1092 885.
693 1049 785 1090 931.

235 1125 290 1166 vIn
309 1123 542 1178 proscaenio
572 1132 696 1174 prope
716 1130 899 1159 scaenam
930 1118 1230 1172 conspiciuntur
1250 1117 1457 1159 simulacra
1487 1116 1650 1157 deorum

48 1184 61 1198 '
131 1193 392 1249 apricorum2)
426 1190 648 1245 (δαίμονες
678 1185 891 1243 ἀντήλιοι)

126 1291 130 1295 -
189 1265 239 1306 cf.
269 1277 303 1303 v.
336 1262 432 1302 505.
460 1273 546 1313 sqq.
578 1259 774 1310 (Praeco).
861 1255 1068 1310 δαίμονες
1095 1251 1130 1296 τ’
1162 1251 1360 1310 ἀντήλιοι

246 1333 306 1373 Εἴ
336 1344 425 1373 που
455 1326 611 1376 πάλαι,
642 1324 940 1382 φαιδροῖσι
983 1320 1221 1366 τοισίδ’
1267 1321 1472 1378 ὄμμασι

246 1399 454 1448 Δέξασθε
484 1395 634 1452 κόσμῳ
664 1393 851 1449 βασιλέα
882 1392 1032 1448 πολλῷ
1062 1391 1215 1449 χρόνῳ.

128 1477 171 1512 et
196 1469 389 1524 Apollinis
419 1467 526 1508 vialis
554 1479 589 1506 v.
625 1465 744 1505 1050.
774 1463 1018 1513 (Casandra.)
1068 1460 1308 1511 Ἄπολλον,
1330 1459 1551 1503 Ἄπολλον

236 1531 468 1588 Ἀγυιᾶἐ
498 1531 702 1575 ἀπόλλων
732 1529 849 1584 ἐμός.

132 1607 203 1662 (cf.
235 1606 368 1647 Suid.
398 1618 434 1645 v,
464 1601 655 1656 ἀγυιαί
680 1600 685 1656 Ι
715 1597 889 1652 ἀγυιεύς
918 1598 969 1641 δέ
997 1598 1092 1641 ἐστι
1129 1601 1235 1641 κίων
1279 1599 1343 1649 εἷς
1372 1596 1448 1647 ὄξύ
1491 1597 1650 1654 λκήγων,

131 1673 182 1718 ὃν
225 1673 377 1716 ἱστᾶσι
413 1672 501 1726 πρὸ
543 1672 631 1713 τῶν
669 1670 834 1723 θυρῶν.
881 1668 1022 1718 ἰδίους
1065 1668 1115 1710 δέ
1159 1679 1296 1724 φασιν
1339 1665 1496 1717 αὐτοὺς
1539 1669 1654 1710 εἶναι

123 1739 427 1791 Ἀπόλλωνος·
459 1739 503 1783 οἳ
534 1740 584 1782 δὲ
615 1737 855 1787 Διονύσου,
893 1735 936 1779 οἳ
966 1736 1016 1779 δὲ
1058 1735 1229 1793 ἀμφοῖν
1258 1754 1294 1779 κ.
1326 1753 1362 1779 τ.
1391 1737 1431 1779 λ.
1491 1738 1651 1779 Schol.

130 1815 229 1855 Ald.
257 1813 402 1854 Arist.
434 1812 568 1863 Vesp.
607 1808 701 1849 875.
756 1805 949 1858 Ἀγυιεὺς
979 1802 1003 1848 ὁ
1034 1806 1122 1862 πρὸ
1151 1808 1239 1849 τῶν
1276 1804 1463 1848 αὐλείων
1499 1806 1652 1861 θυρῶν

132 1880 367 1936 κωνοειδὴς
396 1881 520 1929 κίων,
553 1876 669 1933 ἱερὸς
690 1873 980 1924 Ἀπόλλωνος,
1025 1875 1099 1916 καὶ
1143 1873 1274 1924 αὐτὸς
1307 1873 1331 1918 ὁ
1360 1873 1513 1927 θεός).
1571 1875 1650 1916 Ρο-

134 1951 330 2006 pularium
359 1955 492 1990 autem
522 1948 694 1987 Deorum
725 1945 918 1993 omnium,
958 1946 1182 1999 quod'quis
1210 1945 1324 1987 facile
1354 1945 1511 1997 colligat
1538 1957 1587 1985 ex
1614 1957 1649 1984 v.

132 2020 216 2062 494
245 2031 347 2072 sqq„
376 2018 453 2059 aris
483 2017 544 2057 vel
573 2014 792 2056 simulacris
823 2019 1054 2055 exornatum
1085 2016 1203 2056 fuisse
1232 2014 1511 2068 proscaenium
1543 2016 1649 2065 (nam

131 2089 175 2130 in
203 2089 402 2129 orchestra
432 2099 477 2127 ea
505 2085 670 2126 minime
700 2096 787 2124 esse
817 2083 1015 2132 collocata,
1059 2084 1123 2125 vix
1151 2090 1212 2124 est
1239 2084 1347 2137 quod
1376 2095 1571 2131 moneam,
1615 2083 1650 2124 si

130 2163 238 2199 recte
266 2157 427 2205 hahent,
459 2168 558 2208 quae
588 2153 796 2208 disputavi)
819 2152 923 2193 haud
952 2166 1114 2205 possum
1135 2154 1232 2194 mihi
1263 2152 1512 2207 persuadere.
1564 2151 1650 2193 No-

132 2227 336 2269 minantur
366 2224 472 2265 enim
500 2223 585 2264 solo
616 2236 663 2263 eo
692 2222 791 2271 loco,
822 2234 900 2275 quo
930 2234 1069 2275 praeco
1106 2223 1150 2263 in
1179 2223 1347 2276 patriam
1388 2234 1567 2262 reversus
1611 2228 1651 2263 et

132 2296 261 2337 solum
289 2293 461 2348 patrium
489 2297 529 2333 et
559 2292 681 2332 solem
712 2296 751 2332 et
778 2303 917 2332 omnes
938 2292 1123 2345 deinceps
1151 2305 1244 2333 suos
1266 2292 1366 2333 Deos
1385 2289 1649 2334 laetabundus

130 2361 320 2413 salutato.
379 2362 536 2403 Atenim
566 2372 700 2401 nonne
729 2360 914 2401 credibile
942 2365 1015 2409 est,
1046 2374 1114 2402 eos
1143 2362 1330 2415 appelari,
1374 2362 1525 2403 etiamsi
1568 2373 1649 2402 non

132 2435 214 2476 sint
241 2434 285 2475 in
315 2443 457 2474 scaena
487 2428 717 2483 conspecti?
775 2429 878 2478 Quid
913 2430 1017 2471 enim
1048 2431 1171 2483 magis
1215 2436 1528 2472 consentaneum
1573 2435 1648 2479 est,

222 2586 249 2627 ι)
274 2584 455 2619 Custodem
474 2583 544 2626 jam
568 2582 610 2617 V.
637 2582 689 2616 25.
706 2581 910 2616 descendere
924 2582 958 2615 in
975 2582 1208 2626 proscaenium
1225 2582 1401 2616 adnotanti
1417 2581 1564 2617 Franzio
1581 2593 1647 2616 non

134 2653 268 2687 possum
290 2642 463 2676 assentiri.

224 2699 251 2741 ²)
275 2699 326 2733 cf.
350 2698 541 2733 Klausen
564 2698 607 2731 ad
631 2698 750 2731 Aesch.
776 2698 891 2740 Agam.
918 2697 983 2730 505
1009 2697 1113 2740 (477).

223 2753 251 2797 ³)
275 2755 352 2790 Nisi
375 2754 466 2790 sorte
490 2755 592 2789 etiam
617 2765 733 2789 eorum
758 2755 902 2789 omnium
919 2755 1064 2788 Deorum
1089 2765 1165 2789 aras
1189 2756 1283 2790 visas
1307 2766 1382 2791 esse
1406 2757 1573 2802 volumus,
1590 2758 1646 2801 qui

134 2814 169 2847 in
192 2810 317 2856 pax-odo
342 2809 436 2847 chori
460 2814 673 2847 nominantur
705 2824 734 2847 v.
764 2813 807 2846 88
842 2824 911 2856 sqq.
957 2807 1115 2847 Πάντων
1144 2812 1186 2848 δὲ
1207 2814 1308 2848 θεῶν
1337 2813 1412 2850 τῶν
1434 2810 1647 2860 ἀστυνόμων

134 2864 351 2915 Ι“Υποίιων,
379 2870 573 2915 lovum!
597 2870 678 2905 Τῶν
714 2867 908 2918 οὐρανίων,
942 2870 1013 2905 τῶν
1042 2867 1071 2903 τ’
1106 2869 1289 2916 ἀγοραίων
1307 2870 1314 2916 Ι
1333 2873 1464 2918 Βωμοὶ
1492 2867 1646 2917 δώροισι

134 2927 336 2974 φλέγονται.
1377 2933 1386 2941 ·
