2014 3204
910 217 1221 256 —142—

411 330 558 377 Restat,
591 336 635 370 ut
665 331 713 370 de
760 331 1094 372 exornatione
1124 344 1338 373 scaenae
1369 333 1556 382 dicamus,
1601 335 1641 375 id
1671 339 1730 376 est
1775 336 1823 374 de

294 411 459 438 scaenae
503 398 845 451 periactorumque
891 400 1063 452 pictura,
1111 401 1159 441 de
1202 402 1420 454 proscaenii
1465 404 1732 452 ornamentis,
1777 404 1824 444 de

295 466 502 507 machinis.
562 466 689 519 Atque
720 467 767 507 de
797 468 947 520 pictura
978 481 1095 521 supra
1125 470 1295 510 breviter
1325 470 1473 511 dictum
1504 475 1575 511 est.
1635 471 1823 512 Novimus

296 534 403 574 enim
435 534 620 575 ductilem
652 547 834 576 scaenam
866 542 1109 578 monstrasse
1154 538 1400 591 primarium,
1443 539 1485 578 in
1531 550 1608 591 quo
1653 539 1824 592 singulae

297 602 451 643 fabulae
472 602 702 655 agebantur,
734 604 877 653 locum,
910 605 950 645 in
982 617 1123 646 scaena
1145 606 1286 655 versili,
1319 619 1419 659 quae
1450 607 1551 647 circa
1571 606 1719 647 circum
1749 607 1825 647 sita

296 675 443 719 essent,
475 671 693 712 accuratius
722 672 846 713 fuisse
878 674 1042 726 depicta.
1102 674 1151 713 At
1180 674 1276 715 illud
1315 681 1497 727 superest
1542 676 1825 728 quaerendum,

295 750 394 779 num
425 739 603 792 Aeschyli
633 740 711 780 iam
739 741 983 794 temporibus
1014 741 1102 782 talis
1132 743 1305 783 extiterit
1334 756 1496 784 scaenae
1526 744 1690 797 pictura.
1746 743 1826 785 Re-

294 819 469 859 pugnare
515 807 623 847 enim
668 808 824 848 videtur
868 809 1085 860 gravissimi
1135 811 1315 852 omnium
1365 812 1480 853 testis
1525 811 1826 852 Aristotelis

295 875 518 924 auctoritas,
551 875 619 928 qui
649 882 784 928 aperte
815 877 910 917 dicit
954 880 1281 933 σκηνογραφίαν
1312 880 1506 933 Sophocle
1551 880 1711 921 demum
1755 892 1827 920 au·

296 949 404 983 ctore
435 956 523 985 6336
553 943 782 993 adhibitam,
813 945 948 986 Poet.
969 946 1028 986 IV.
1053 945 1126 986 καὶ
1157 943 1207 988 τό
1236 962 1282 988 τε
1311 947 1397 990 τῶν
1425 943 1677 1003 ὑποκριτῶν
1707 945 1826 1003 πλῆ-

296 1012 384 1060 θος
414 1010 461 1058 ἐξ
489 1008 585 1059 ἑνός
615 1011 679 1060 εἷς
709 1010 788 1053 δύο
821 1013 992 1067 πρῶτος
1027 1013 1251 1066 Αἰσχύλος
1281 1013 1431 1070 ἤγαγε,
1462 1014 1613 1057 καὶτὰ
1641 1015 1720 1057 τοῦ
1747 1029 1826 1067 χο-

297 1079 375 1134 ροῦ
404 1076 643 1132 ἠλάττωσε,
674 1079 750 1120 καὶ
781 1079 857 1122 τὸν
886 1079 1015 1132 λόγον
1058 1083 1429 1139 πρωταγωνιστήν
1473 1081 1823 1139 παρεσκεύασεν·

295 1153 414 1202 τρεῖς
457 1146 506 1188 δὲ
546 1147 633 1188 καὶ
665 1151 1075 1204 σκηνογραφίαν
1117 1150 1407 1207 Σοφοκλῆς.
1466 1154 1662 1201 Attamen,
1707 1153 1823 1193 dum-

298 1217 416 1256 modo
465 1221 571 1257 rccte
614 1216 925 1265 consideremus,
971 1218 1063 1271 quid
1109 1218 1184 1259 sibi
1227 1220 1320 1261 velit
1364 1221 1683 1274 scaenographia,
1729 1221 1825 1262 haec

298 1284 455 1337 quidem
487 1284 675 1325 dubitatio
706 1285 819 1325 facile
856 1286 1005 1337 poterit
1048 1286 1141 1326 tolli.
1202 1287 1317 1335 Quod
1362 1294 1405 1329 ut
1449 1294 1629 1331 accurate
1675 1300 1826 1341 cogno-

298 1365 468 1404 scamus,
513 1353 616 1393 viam
648 1359 845 1394 monstrat
875 1354 1061 1395 Vitruv.
1107 1357 1264 1407 praef.
1309 1357 1388 1399 lib.
1434 1357 1510 1398 Vll.
1570 1357 1691 1410 Iyitur
1733 1356 1826 1397 tales

297 1423 487 1473 inyressus
516 1433 649 1462 eorum
677 1422 831 1470 habens,
862 1435 956 1475 quos
985 1424 1037 1464 ad
1060 1425 1246 1476 propositi
1272 1427 1349 1465 mei
1375 1427 1542 1465 rationes
1572 1424 1828 1466 animadverti

293 1498 559 1542 praeparatos,
588 1490 674 1531 inde
702 1491 884 1531 sumendo
913 1491 1096 1543 proeredi
1124 1494 1237 1544 coepi.
1297 1491 1468 1545 Namque
1493 1496 1666 1545 primum
1695 1492 1727 1533 Α
1735 1505 1825 1544 ya-

298 1558 527 1599 tharchus
558 1558 775 1607 Athenis,
806 1559 1041 1611 Aeschylo
1084 1561 1286 1600 docente
1329 1562 1646 1613 trayoediam,
1692 1573 1824 1602 scae-

300 1640 410 1667 nam
438 1628 579 1679 fecit,
611 1635 651 1667 et
682 1627 734 1668 de
763 1640 816 1667 ea
860 1631 1250 1668 commentarium
1278 1630 1491 1682 reliquit.
1553 1631 1617 1670 Em
1659 1641 1701 1670 eo
1744 1641 1830 1669 mo-

301 1698 374 1737 niti
402 1695 641 1736 Democritus
669 1703 704 1735 et
725 1695 980 1748 Anaoeayoras
1011 1697 1055 1736 de
1075 1697 1206 1737 eadem
1235 1710 1276 1738 re
1305 1700 1552 1748 scriPserunt,
1583 1698 1831 1750 quemadmo-

303 1765 394 1804 dum
416 1771 586 1816 oporteat
607 1765 657 1804 ad
679 1767 793 1804 aciem
826 1765 1025 1804 oculorum
1046 1765 1321 1817 radiorumque
1337 1769 1602 1816 ewtensionem,
1633 1773 1732 1805 certo
1753 1765 1832 1805 loco

305 1839 430 1872 centro
452 1835 663 1878 constituto,
695 1833 745 1872 ad
775 1833 897 1873 lineas
926 1835 1073 1872 ratione
1102 1833 1280 1873 naturali
1305 1835 1544 1885 respondere,
1574 1836 1647 1873 uti
1673 1833 1725 1872 de
1755 1834 1832 1872 in-

302 1907 441 1941 certa
482 1912 534 1940 re
580 1908 739 1941 certae
782 1903 1021 1952 imayines
1065 1901 1413 1953 aedificiorum
1455 1905 1503 1942 in
1544 1913 1834 1942 scaenarum

300 1971 520 2020 picturis
563 1969 822 2009 redderent
865 1971 1098 2020 speciem,
1143 1976 1177 2009 et
1220 1982 1315 2022 quae
1359 1973 1400 2010 in
1445 1972 1593 2011 directis
1633 1969 1834 2022 planisque

299 2038 494 2089 frontibus
522 2039 598 2077 sint
627 2038 805 2090 figurata,
837 2037 915 2077 alia
946 2037 1195 2083 abscedentia,
1228 2039 1308 2078 alia
1335 2041 1590 2090 prominentia
1619 2050 1695 2078 esse
1723 2036 1832 2076 vide-

303 2112 429 2145 antur.
492 2106 537 2144 In
568 2118 646 2158 quo
678 2106 764 2146 loco
796 2106 1027 2158 explicando
1067 2118 1185 2158 quam
1219 2107 1388 2147 maxime
1419 2107 1638 2147 cavendum
1669 2112 1740 2155 est,
1771 2119 1832 2155 ne,

302 2173 636 2225 quemadmodum
667 2186 689 2213 a
719 2174 923 2214 nonnullis
959 2174 1105 2213 factum
1138 2187 1222 2214 esse
1253 2175 1442 2222 videmus,
1488 2175 1582 2215 illud
1617 2177 1833 2227 ,.pri'mum“

302 2238 522 2281 referamus
553 2242 601 2280 ad
634 2254 842 2289 „scaenam
869 2243 996 2294 fecit“.
1044 2242 1274 2294 Respondet
1303 2243 1407 2283 enim
1431 2242 1691 2295 sequentibus
1723 2243 1838 2295 „Po-

303 2316 406 2348 stea
436 2308 588 2348 Silenus
619 2310 663 2349 de
693 2313 919 2360 symmetriis
950 2310 1180 2351 Doricorum
1210 2311 1324 2351 edidit
1352 2312 1558 2351 volumem
1589 2316 1629 2350 et
1661 2311 1835 2358 „Prae-

303 2383 438 2416 terea
467 2380 593 2417 minus
620 2377 763 2417 nobiles
792 2378 906 2419 multi
930 2387 1135 2431 praecepta
1164 2382 1471 2432 symmetriarum
1491 2382 1836 2430 conscripserunt.“

305 2445 456 2491 Quibus
488 2445 669 2485 omnibus
701 2458 798 2498 quae
831 2446 1015 2499 deinceps
1057 2449 1172 2488 affert
1218 2448 1404 2500 exemplis
1450 2447 1506 2487 nil
1550 2446 1707 2486 efficere
1753 2447 1836 2486 vult

306 2513 519 2563 Vitruvius,
552 2513 628 2553 nisi
658 2518 702 2553 ut
733 2514 965 2566 comprobet
995 2516 1054 2566 id,
1088 2517 1192 2568 quod
1224 2516 1339 2569 paulo
1386 2520 1500 2555 antea
1546 2514 1834 2554 modestissime

305 2581 469 2627 dixerat,
515 2594 556 2620 se
601 2582 641 2620 in
672 2582 807 2622 multis
839 2583 900 2621 sui
931 2585 1060 2635 operis
1105 2585 1283 2636 partibus
1330 2583 1482 2635 egregie
1527 2582 1702 2622 adiutum
1750 2595 1836 2622 6336

306 2649 556 2700 superiorum
608 2650 801 2690 artificum
854 2651 1005 2690 studiis.
1086 2652 1167 2691 Hoc
1216 2657 1426 2703 postquam
1485 2650 1681 2702 praefatus
1732 2663 1835 2697 sum,

308 2717 521 2756 videndum
554 2723 627 2767 cst,
659 2719 751 2770 quid
783 2719 941 2758 tandem
976 2720 1101 2760 tradat
1122 2720 1316 2760 Vitruvius
1348 2719 1394 2757 de
1425 2717 1683 2768 Agatharcho.
1734 2717 1834 2765 Quid

308 2784 381 2823 sibi
412 2787 506 2834 vult,
539 2787 644 2837 quod
676 2799 856 2826 scaenam
880 2787 1017 2827 fecisse
1048 2789 1096 2827 de
1128 2800 1250 2841 eaque
1273 2786 1600 2825 commentarium
1631 2785 1836 2837 reliquisse

310 2852 403 2892 dicit
433 2853 760 2905 Agatharchum?
820 2856 932 2903 Quod
966 2856 1124 2907 quidem
1159 2861 1202 2895 ut
1232 2867 1302 2906 per
1333 2867 1374 2893 36
1407 2854 1620 2893 obscurum
1662 2858 1737 2900 est,
1783 2852 1835 2892 ita
