2014 3204
763 286 819 291 -—
880 261 960 302 195
1017 285 1075 290 --

158 381 254 422 riam
299 386 417 433 atque
463 380 678 420 mollitiem.
736 379 852 436 Quod
883 380 914 419 si
943 380 1166 426 statuimus,
1195 379 1421 431 planissima
1453 386 1514 420 est
1541 379 1687 419 horum

158 450 373 495 verborum
395 450 634 494 sententia:
686 449 777 489 ldeo
818 449 923 488 enim
954 460 1037 488 non
1068 448 1250 488 convenit
1280 462 1416 490 crocea
1446 449 1566 489 vestis
1598 461 1687 489 cum

159 519 277 566 clava,
306 519 412 571 quod
434 519 498 559 illa
518 518 756 559 feminarum
788 523 861 564 est,
890 518 988 558 haec
1006 516 1213 557 fortissimi
1243 517 1313 557 viri
1345 518 1458 570 quasi
1487 517 1689 570 quoddam

158 587 325 639 insigne.

272 655 374 703 Quid
415 653 537 696 vero?
598 644 888 706 Negabimusne
917 654 1081 694 omnino
1110 654 1290 707 Aeschyli
1335 655 1549 697 histriones
1596 669 1689 697 usos

160 735 247 763 esse
273 721 507 764 cothurnis?
545 722 705 763 Minime
733 722 830 763 illud
861 722 1032 776 quidem,
1064 727 1102 763 at
1132 723 1206 764 hoc
1236 724 1351 776 plane
1382 735 1477 764 non
1509 736 1688 766 conce-

161 791 341 838 dimus,
387 803 558 832 omnes
602 791 889 832 histriones
930 791 1171 832 hahuisse
1201 792 1492 833 cothurnos.
1553 791 1690 845 Neque

160 859 268 901 enim
313 859 527 912 Aeschylus
570 860 608 899 id
653 860 821 900 voluisse
866 859 1041 907 videtur,
1088 865 1133 901 ut
1178 872 1316 901 omnes
1361 865 1570 901 uterentur
1611 872 1691 902 una

159 927 376 981 eademque
405 934 513 968 certa
543 929 898 969 calceamentorum
927 927 1068 977 forma,
1113 929 1182 969 sed
1214 929 1319 971 aliud
1348 929 1449 970 nihil
1478 933 1691 982 spectasse,

158 995 237 1037 nisi
269 1001 313 1037 ut
343 996 547 1037 altioribus
578 997 854 1038 calceamentis
886 1001 1110 1043 uterentur,
1141 997 1322 1051 inprimis
1353 997 1418 1047 dii,
1460 998 1577 1046 deae,
1618 997 1691 1038 he-

157 1076 262 1112 roes,
291 1077 371 1118 quo
403 1065 571 1108 maiores
602 1071 850 1118 apparerent,
881 1077 963 1106 non
984 1067 1160 1117 neglecta
1182 1072 1317 1108 tamen
1339 1067 1488 1115 aetatis,
1519 1078 1691 1114 morum,

158 1133 338 1174 omnium
369 1133 538 1187 denique
570 1133 842 1174 conditionum
872 1147 917 1175 ac
946 1135 1199 1176 fortunarum
1230 1135 1412 1183 ratione,
1457 1136 1498 1176 in
1543 1135 1688 1189 quibus

159 1201 303 1254 singuli
331 1202 546 1244 histriones
578 1207 795 1243 versantur.
838 1203 964 1244 Veluti
982 1204 1065 1245 aliis
1097 1205 1213 1253 servi,
1245 1205 1331 1246 aliis
1361 1217 1487 1257 reges,
1517 1205 1691 1257 reginae,

159 1269 244 1310 aliis
274 1271 403 1311 nuntii
433 1271 476 1311 in
505 1271 661 1319 itinere,
693 1271 776 1312 aliis
807 1272 869 1313 alii
901 1272 1124 1314 utebantur.
1172 1274 1347 1328 ltaque
1378 1285 1546 1315 omnes
1577 1273 1694 1327 qui-

160 1339 265 1380 dem
295 1339 606 1381 histrionum
637 1340 841 1381 calceos
872 1341 1080 1382 altiores
1102 1342 1273 1383 fuisse
1304 1354 1488 1383 censeo
1520 1342 1691 1394 vulga-

159 1405 325 1456 ribus,
370 1413 418 1447 at
447 1420 545 1448 non
575 1421 748 1449 omnes
779 1409 890 1450 illos
922 1409 1128 1451 altiores
1159 1410 1364 1451 calceos
1404 1410 1568 1451 fuisse
1608 1422 1694 1450 co-

159 1474 388 1516 thurnos.
437 1476 546 1524 Quae
580 1477 775 1517 sententia
806 1490 853 1517 eo
885 1478 1179 1531 comprobatur,
1213 1479 1319 1532 quod
1350 1478 1492 1519 Suidas
1521 1478 1696 1530 Aeschy-

158 1543 242 1583 lum
271 1543 390 1583 tradit
420 1537 630 1597 ἀρβύλας,
675 1550 812 1586 auctor
854 1547 953 1588 vitae
985 1547 1168 1600 Sophocl.
1203 1546 1439 1600 Sophoclem
1471 1544 1694 1600 κρηπῖδας

158 1610 370 1659 invenisse,
401 1624 500 1664 quae
532 1617 571 1652 et
602 1613 708 1666 ipsae
739 1620 1003 1656 numerantur
1031 1616 1074 1655 in
1104 1614 1312 1657 altioribus
1342 1615 1420 1656 illis
1451 1615 1693 1656 histrionum

159 1678 312 1720 calceis.
356 1681 538 1722 Suidas
560 1695 595 1721 v.
623 1680 871 1734 Αἷσχύλο
887 1695 920 1730 ς·
951 1677 1078 1731 οὗτος
1107 1682 1283 1737 πρῶτος
1310 1678 1407 1738 εὗρε
1428 1689 1697 1738 προσωπεῖα

159 1746 233 1787 καὶ
262 1746 464 1802 χρώμασι
496 1750 758 1804 κεχρισμένα
788 1749 905 1803 ἔχειν
934 1750 1035 1799 τοὺς
1064 1750 1315 1807 τραγῳδοὺς
1346 1750 1419 1791 καὶ
1450 1758 1569 1799 ταῖς
1599 1749 1697 1806 ἆρ-

159 1813 402 1868 βύλαιςῑ)
451 1823 574 1865 τοῖς
634 1816 999 1872 καλουμένοις
1049 1816 1317 1873 ἐμβάταις
1376 1820 1697 1875 κεχρῆσθαι.

159 1884 271 1940 Yita
301 1885 535 1938 Sophocl.
581 1885 776 1941 Σάτυρος
820 1885 871 1927 δέ
914 1897 1079 1942 φησιν,
1108 1884 1197 1945 ,ὅτι
1241 1886 1316 1928 καὶ
1354 1887 1431 1942 τήν
1461 1887 1697 1944 καμπύλην

161 1953 403 2007 βακτηρίαν
434 1951 564 2002 αὗτὸς
593 1952 828 2010 ἐπενόησε·
861 1954 970 2009 φησὶ
1003 1954 1052 1996 δὲ
1082 1955 1155 1996 καὶ
1178 1953 1354 2010 Ἴστρος,
1386 1955 1477 2005 τὰς
1506 1955 1698 2005 λευκὰς

162 2020 434 2076 κρηπῖδας
463 2019 598 2063 αὐτὸν
628 2021 929 2079 ε’φευρηκέναι,
961 2019 1012 2071 ἃς
1041 2021 1292 2065 &menatae
1324 2028 1436 2066 οἵτε
1458 2021 1696 2080 ὖποκριταὶ

163 2089 237 2146 καὶ
269 2087 313 2129 οἳ
341 2092 547 2144 χορευταί
570 2122 579 2131 .
604 2122 613 2131 .
637 2122 647 2132 .
678 2093 850 2133 Anecd.
880 2105 937 2145 gr.
966 2091 1120 2133 Bekker
1150 2106 1187 2146 p.
1220 2094 1316 2134 237.
1352 2095 1416 2135 19.
1463 2095 1695 2150 κρηπίςε

164 2156 311 2205 εἶδος
340 2154 694 2214 ὑποδήματος
724 2158 990 2215 ἀνδρικοῦ
1020 2157 1205 2216 ὑψηλὰ
1235 2160 1457 2215 ἔχοντος
1486 2161 1547 2203 τὰ
1576 2178 1699 2204 κατ-

162 2224 368 2281 τύματα
380 2227 424 2276 ²).
483 2229 598 2269 Unde
628 2229 667 2269 id
699 2237 805 2271 certe
836 2231 1091 2278 efficitur,
1137 2233 1251 2285 plura
1292 2232 1414 2273 fuisse
1444 2244 1589 2284 genera
1619 2232 1699 2273 cal-

164 2302 475 2345 ceamentorum,
498 2298 642 2351 quibus
664 2304 874 2340 uterentur
894 2299 1122 2348 histriones,
1153 2300 1440 2354 falsumque
1461 2314 1562 2349 esse,
1593 2302 1698 2355 quod

164 2363 214 2404 ab
243 2365 432 2406 omnibus
461 2366 543 2406 fere
572 2366 777 2420 hucusque
807 2372 1011 2409 retentum
1042 2374 1118 2418 est,
1161 2369 1371 2410 omnino
1401 2371 1584 2411 altiora
1613 2371 1699 2412 illa

165 2432 526 2483 calceamenta,
558 2448 658 2488 quae
689 2437 902 2489 Aeschylus
932 2437 1116 2478 omnibus
1147 2437 1407 2479 histrionibus
1437 2439 1594 2491 tragicis
1626 2440 1700 2480 de-

167 2500 236 2547 dit,
267 2501 423 2543 fuisse
454 2504 752 2544 cothurnos.

281 2570 359 2610 Sed
391 2572 496 2623 quod
526 2573 686 2614 tandem
719 2579 779 2614 est
809 2586 1022 2617 commune
1053 2587 1201 2616 nomen
1232 2576 1353 2617 totius
1384 2576 1552 2630 generis,
1591 2577 1698 2629 quod

167 2638 401 2692 Aeschylum
445 2641 619 2693 primum
666 2654 877 2696 usurpasse
915 2644 964 2685 ad
996 2656 1121 2686 unum
1166 2655 1307 2685 omnes
1353 2642 1700 2685 commemorant?

260 2752 285 2796 ¹)
310 2753 361 2788 Cf.
385 2755 533 2790 Aesch.
558 2757 643 2798 Aga
655 2768 696 2790 m.
724 2758 800 2792 918.
850 2756 944 2792 ὑπαί
966 2770 1017 2797 τις
1041 2757 1246 2806 ἀρβύλην
1279 2754 1357 2793 λύοι
1389 2755 1508 2804 τάχος.
1534 2778 1578 2784 -
1603 2758 1701 2793 Iuve-

169 2811 262 2844 nitur
286 2812 388 2845 etiam
412 2810 611 2860 εὔμαρίς.
658 2815 755 2848 Pors.
779 2816 856 2849 651.
881 2812 1139 2862 κροκόβαπτον
1164 2814 1290 2853 ποδὸς
1314 2811 1471 2861 εὐμαρὶν
1494 2814 1637 2862 ἀείρων.

260 2869 290 2910 ²)
314 2869 364 2903 Cf.
391 2869 611 2905 Plutarch.
646 2879 859 2917 praecept.
890 2874 1056 2916 gerend.
1088 2873 1273 2916 reipubl.
1311 2886 1339 2906 c.
1368 2874 1408 2906 16
1434 2885 1463 2917 p.
1490 2874 1566 2907 993.
1593 2872 1698 2906 T.11.

170 2926 221 2959 ed.
246 2925 358 2960 Paris.

1415 2987 1481 3021 13*
