2014 3204
241 417 443 469 Sequitur,
476 422 519 456 ut
548 416 726 456 dicamus
746 415 794 454 de
824 414 1136 467 proscaenio,
1168 414 1216 453 de
1247 426 1325 466 quo
1348 414 1409 453 vix
1426 415 1501 453 ulla
1518 418 1650 466 potest

127 497 215 525 esse
235 485 442 525 dubitatio.
495 483 572 524 Est
601 483 707 524 enim
737 482 847 522 locus
862 486 956 521 ante
970 493 1156 522 scaenam
1175 482 1360 522 ductilem
1377 482 1492 522 situs.
1551 482 1650 522 lllud

127 553 258 593 minus
289 559 456 600 constat,
485 553 680 604 logeum
710 556 844 591 utrum
863 563 885 589 a
903 550 1135 602 proscaenio
1165 550 1216 590 sit
1246 550 1568 598 discernendum,
1600 561 1649 590 an

126 634 289 675 prorsus
308 622 426 662 fuerit
446 621 562 661 idem.
612 620 743 672 Atque
763 618 944 671 equidem
966 617 1096 667 olim¹)
1127 617 1226 657 mihi
1248 629 1519 669 persuaseram
1550 618 1649 669 ipse,

126 689 249 730 fuisse
277 690 352 742 log
365 702 472 730 eum
502 688 698 741 pulpitum
728 688 772 727 in
808 686 1038 739 proscaenio
1070 690 1326 731 exstructum,
1371 685 1425 724 ita
1470 689 1514 724 ut
1558 696 1649 736 pars

126 762 282 799 tantum
314 763 418 798 esset
447 757 679 809 proscaenii,
711 768 836 808 eaque
864 755 906 794 in
937 766 1054 806 quam
1073 759 1224 794 actores
1246 753 1510 805 procedebant
1539 753 1649 792 locu-

124 825 220 866 turi.
274 825 383 865 Idem
414 825 526 865 video
555 825 599 864 A.
631 825 691 863 W.
723 823 1059 874 Schlegelium
1098 834 1184 861 esse
1214 820 1497 870 arbitratumss),
1543 821 1647 860 idem

126 892 474 946 Geppertum³).
533 891 612 931 Sed
642 897 777 931 tamen
807 890 938 930 minus
968 896 1075 930 recte
1105 890 1158 930 ita
1199 890 1416 930 iudicatum
1462 902 1549 929 esse
1594 889 1649 938 (id

127 960 234 1014 quod
263 960 500 1000 Toelkenius
529 960 606 1000 iam
637 959 793 1011 pridem
814 958 924 1007 dixit)
956 962 1134 998 veterum
1157 958 1396 998 testimoniis
1428 957 1649 997 accuratius

126 1040 239 1069 nunc
265 1029 495 1081 ponderatis
539 1027 637 1067 mihi
666 1026 803 1066 videor
846 1026 1098 1066 intellexisse.
1157 1026 1349 1066 VitruV.
1380 1025 1479 1065 vul.
1526 1025 1564 1064 2.
1610 1024 1648 1064 3.

132 1098 214 1148 (ed.
243 1096 443 1137 Vratislav.
479 1096 586 1136 1840
617 1108 654 1147 p.
686 1095 785 1143 346)
834 1094 895 1134 Ita
938 1108 963 1135 a
990 1095 1112 1135 tribus
1141 1097 1280 1134 centris
1307 1094 1378 1134 hac
1409 1095 1650 1146 descriptione

125 1166 347 1218 ampliorem
376 1164 514 1205 habent
543 1164 772 1204 orchestram
804 1162 940 1203 Graeci
956 1171 991 1203 et
1020 1176 1195 1204 scaenam
1215 1165 1452 1203 recessiorem
1479 1164 1651 1201 minore-

125 1246 197 1286 que
226 1234 426 1274 latitudine
450 1233 655 1286 pulpitum,
685 1231 784 1284 quod
814 1229 987 1282 λογεῖον
1031 1232 1243 1284 appellant,
1281 1231 1362 1270 ideo
1402 1230 1503 1283 quod
1547 1230 1651 1282 apud

126 1313 188 1342 eos
203 1305 340 1354 traqici
365 1309 401 1342 et
431 1304 566 1342 comici
593 1308 736 1341 actores
765 1303 806 1339 in
835 1312 972 1340 scaena
996 1307 1201 1353 peragunt,
1231 1300 1372 1352 reliqui
1398 1305 1523 1338 autem
1553 1299 1652 1338 arti·

123 1369 213 1422 fices
238 1382 332 1410 suas
356 1383 427 1422 per
455 1369 684 1410 orchestram
713 1374 914 1420 praestant
957 1370 1130 1408 actiones.
1190 1367 1383 1407 Timaei
1427 1366 1566 1406 lexic.
1613 1380 1649 1406 v.

128 1431 365 1490 ὅκρίβας.
395 1460 450 1465 -
480 1433 633 1486 λόγιόν
653 1434 747 1476 ἐστι
778 1435 909 1490 πῆξις
929 1433 1216 1490 ἐστορεσμὲνη
1239 1432 1393 1483 ξύλων,
1426 1434 1521 1474 εἶτα
1552 1432 1651 1488 ἑξῆς

130 1499 313 1557 ὄκρίβας
332 1502 382 1544 δὲ
404 1501 680 1558 ὀνομάζεται.
704 1504 864 1544 Schol.
882 1505 988 1556 Sym
1001 1518 1026 1556 p
1040 1517 1105 1544 os.
1128 1505 1247 1544 Plat.
1263 1517 1301 1556 p.
1324 1502 1419 1542 324.
1440 1503 1483 1542 B.
1512 1499 1651 1556 Ὄσιρί-

126 1573 276 1626 βαντα,
306 1569 358 1613 vd
388 1572 574 1623 λογεῖον,
605 1568 679 1626 ἐφ’
711 1567 762 1612 οὗ
792 1570 835 1612 οἳ
865 1571 1083 1626 τραγῳδοὶ
1116 1566 1380 1623 ἆγωνίζοντο
1428 1569 1558 1618 (τινὲς
1601 1569 1651 1610 δὲ

125 1638 383 1693 κιλλίβαντα
416 1639 618 1695 τρισκελῆ
647 1639 773 1695 φασὶ,
804 1637 871 1695 ἐφ’
911 1635 962 1681 οὗ
994 1643 1194 1682 ἵστανται
1224 1637 1267 1680 οἳ
1297 1636 1533 1692 ὑποκριταὶ
1576 1636 1651 1678 καὶ

122 1706 179 1748 τὰ
209 1706 256 1748 ἐκ
285 1706 503 1762 μετεώρου
533 1708 750 1759 λέγουσιν,
780 1709 884 1760 quod
916 1714 1078 1761 apparet
1106 1709 1155 1748 ad
1186 1706 1449 1757 θεολογεῒον
1470 1719 1555 1746 esse
1585 1720 1651 1746 re-

124 1776 368 1827 ferendum).
426 1777 476 1817 Hi
504 1777 579 1817 loci
619 1778 666 1817 ad
707 1789 833 1817 unum
863 1788 1000 1817 omnes
1045 1777 1140 1829 quid
1185 1777 1287 1817 aliud
1332 1774 1409 1815 nisi
1452 1775 1648 1827 pulpitum

124 1849 322 1884 testantur
348 1845 472 1884 fuisse
501 1843 688 1897 logeum?
746 1845 895 1885 Eodem
926 1858 1089 1897 prorsus
1120 1846 1237 1885 modo
1267 1844 1542 1896 proscaenium
1586 1843 1650 1882 in-

124 1918 362 1965 terpretatur
395 1913 526 1952 Serv.
567 1913 615 1953 ad
655 1913 776 1964 Virg.
816 1913 985 1964 Georg.
1022 1913 1200 1966 11.,381.
1257 1913 1485 1953 Proscaenia
1522 1919 1650 1952 autem

124 1987 214 2020 sunt
235 1981 387 2033 pulpita
421 1987 509 2020 ante
552 1992 728 2021 scaenam
770 1984 812 2021 in
855 1982 988 2034 quibus
1031 1982 1182 2021 ludicra
1225 1988 1462 2022 exercentur.
1522 1980 1649 2020 Altius

125 2054 258 2089 autem
288 2049 409 2088 fuisse
438 2049 594 2099 logeum
625 2061 740 2101 quam
773 2049 1049 2101 proscaenium
1087 2062 1284 2102 nusquam
1319 2049 1531 2097 indicatur,
1575 2048 1651 2088 nisi

129 2119 231 2157 t'orte
261 2116 451 2157 indicium
481 2117 604 2157 latere
633 2118 690 2157 vis
719 2118 761 2157 in
791 2118 945 2158 schol.
977 2118 1025 2157 ad
1055 2118 1200 2157 Arist.
1230 2118 1307 2169 Eq.
1343 2117 1433 2164 149,
1479 2117 1546 2156 ubi
1590 2117 1649 2156 lo·

127 2197 245 2236 geum
277 2185 420 2225 dicitur
450 2197 537 2224 esse
566 2198 609 2224 ea
639 2198 743 2237 pars,
786 2186 827 2225 in
858 2198 934 2237 qua
964 2185 1182 2237 loquuntur
1210 2186 1444 2226 histriones:
1475 2183 1651 2235 λογεῖον

126 2248 153 2293 ὅ
180 2252 256 2307 τῆς
288 2253 446 2307 σκηνῆς
474 2252 622 2301 τόπος,
654 2252 701 2294 ἓν
732 2248 765 2307 ᾦ
796 2253 968 2305 (Hesych.
999 2250 1073 2307 ἐφ’
1104 2247 1171 2304 οὗ)
1208 2250 1252 2293 οἳ
1296 2247 1534 2306 ὑποκριταὶ
1578 2251 1650 2292 λε’-

127 2330 298 2371 γουσιν.
358 2320 433 2361 Sed
478 2322 631 2361 etiamsi
669 2321 916 2362 verissimum
961 2328 1033 2369 est,
1078 2333 1260 2362 scaenam
1303 2321 1531 2373 saepissime
1576 2320 1651 2360 dici

125 2400 199 2441 pro
227 2388 471 2440 proscaenio,
516 2394 651 2429 tamen
686 2390 801 2430 latius
832 2390 950 2430 etiam
994 2396 1127 2442 patere
1170 2390 1340 2430 vidimus
1384 2390 1500 2429 huius
1545 2389 1649 2429 vocis

124 2457 217 2508 vim,
263 2468 429 2508 eamque
474 2469 557 2497 non
595 2459 717 2497 semel
764 2458 988 2498 universam
1033 2458 1179 2498 theatri
1222 2464 1372 2510 partem
1418 2457 1648 2509 significare,

126 2537 227 2577 quae
256 2529 317 2564 est
343 2525 598 2565 histrionum.
668 2526 799 2575 (Poll.
844 2527 906 2566 IV.
957 2525 1050 2565 123.
1097 2525 1230 2580 σκηνή
1275 2524 1355 2579 μὲν
1398 2522 1650 2579 ὑποκριτῶν

126 2590 262 2641 ἴδιον,
293 2590 319 2647 ἡ
350 2591 400 2633 δὲ
431 2590 646 2648 ὀρχήστρα
675 2593 752 2634 τοῦ
780 2591 950 2647 χοροῦ).
996 2594 1081 2641 Qua
1112 2594 1273 2646 quidem
1303 2592 1502 2633 sententia
1532 2592 1648 2645 equi-

219 2778 245 2820 ¹)
269 2778 392 2812 Rerum
416 2778 561 2812 scaenic.
587 2779 700 2822 capita
724 2779 852 2811 selecta
876 2789 906 2821 p.
933 2778 987 2810 27.
1038 2778 1139 2819 [Edit.
1164 2778 1199 2819 l].

217 2834 244 2875 ²)
269 2836 310 2868 A.
348 2835 404 2869 W.
439 2836 701 2878 Schlegel,
738 2835 847 2869 Ueber
882 2835 937 2868 die
973 2835 1147 2868 sceuische
1179 2835 1388 2876 Anordnung
1423 2834 1484 2866 der
1519 2833 1648 2875 griech.

128 2892 345 2935 Schauspiele
369 2893 393 2925 l.
418 2892 442 2925 l.
469 2904 497 2935 p.
523 2892 599 2926 271.

220 2947 250 2990 ³)
275 2949 512 2992 Geppert‚
537 2949 591 2982 die
615 2949 875 2991 altgriechische
902 2949 1013 2983 Biihne
1038 2960 1068 2992 p.
1099 2948 1171 2982 120.
