2014 3204
913 220 1222 268 —152—

313 345 592 399 propellantur.
637 344 845 385 Exostram
868 349 999 385 autem
1018 356 1099 386 non
1119 357 1172 394 re,
1204 346 1270 386 sed
1292 346 1454 387 nomine
1476 351 1626 389 tantum
1647 350 1694 390 ab
1715 363 1826 403 eccy-

312 415 473 454 clemate
504 413 659 453 differre
691 425 780 453 cum
811 413 854 453 Ο.
885 412 1048 454 Msillero
1079 414 1218 462 sentio,
1258 415 1312 455 ita
1355 416 1528 468 quidem,
1573 422 1618 457 ut
1661 419 1824 460 alteram

314 482 651 534 significationem,
694 495 769 535 qua
800 486 858 522 est
895 483 1119 523 menianum
1159 483 1335 535 (Balkon)
1374 496 1453 524 non
1495 485 1744 536 reiciendam,
1787 492 1827 528 at

313 564 398 591 eam
428 551 475 591 ad
506 564 590 592 rem
621 551 841 591 scaenicam
872 563 955 592 non
984 553 1183 604 pertinere
1212 553 1444 594 existimem.
1503 554 1621 594 Poll.
1653 555 1736 595 On.
1766 557 1826 598 lv.

319 620 410 660 129.
441 618 519 674 τὴν
549 619 598 661 δὲ
627 614 847 673 ἕξώστραν
875 618 1034 662 ταυτὸν
1061 621 1121 676 τῷ
1152 620 1440 676 ἐκκυκλήματι
1469 620 1713 677 νομίζουσι.
1757 624 1826 664 At-

313 702 388 743 que
408 690 643 743 Aeschylum
676 690 834 742 quidem
855 689 959 729 illam
982 689 1203 730 machinam
1225 690 1447 731 adhibuisse
1478 696 1517 732 et
1536 698 1675 745 poetae
1703 693 1828 747 ipsius

311 758 518 799 auctoritas
540 763 580 798 et
608 759 904 799 scholiastarum
924 759 1149 799 testimonia
1180 759 1274 799 satis
1296 759 1505 800 affirmant.
1566 762 1668 802 Sunt
1697 767 1828 804 autem

311 827 384 868 tria
430 827 606 880 exempla
650 828 694 867 in
737 828 820 867 eius
865 827 1087 880 tragoediis,
1133 827 1307 880 primum
1352 829 1394 868 in
1439 829 1828 882 Agamemnone,

314 897 479 938 alterum
537 897 580 936 in
629 896 960 949 Choephoris,
1020 896 1182 937 tertium
1239 897 1282 937 in
1330 897 1706 940 Eumenidibus.
1784 902 1829 941 In

311 966 685 1018 Agamemnone
722 970 811 1018 post
856 966 1013 1006 caedem
1043 966 1362 1018 Agamemnonis,
1406 967 1641 1021 simulatque
1685 969 1828 1011 chorus

316 1035 526 1076 morientis
576 1035 659 1075 eius
704 1035 744 1074 in
774 1035 936 1075 aedibus
966 1035 1082 1086 regiis
1118 1035 1302 1087 lugubres
1348 1035 1580 1077 eiulationes
1625 1039 1830 1088 exaudivit,

312 1117 402 1145 cum
447 1103 660 1145 haesitaret
704 1104 908 1150 dubitans,
954 1105 1049 1157 quid
1096 1104 1317 1145 faciendum
1364 1110 1479 1153 esset,
1525 1106 1829 1159 Clytaemnestra

313 1179 486 1227 apparet,
517 1178 561 1213 ut
589 1173 672 1227 ipsa
704 1172 811 1221 dicit,
842 1173 980 1213 eodem
1010 1174 1109 1222 loco,
1140 1186 1218 1226 quo
1249 1173 1445 1226 percussit
1473 1175 1656 1216 maritum

372 1245 422 1294 (v.
456 1242 578 1284 1352.
611 1243 856 1295 (Clytaemn.)

418 1308 605 1366 Ἕστηκα
634 1308 679 1352 δ’
712 1304 823 1352 ἔνθ’
857 1306 1038 1351 ε”παισ’
1071 1306 1154 1351 ἐπ’
1185 1308 1670 1366 ἐξειργασμένοις.)

312 1381 696 1434 Agamemnonisque
725 1393 849 1434 prope
878 1393 921 1420 se
952 1384 1147 1420 monstrat
1177 1380 1339 1420 cadaver

371 1452 421 1501 (v.
456 1449 576 1490 1377.
665 1478 675 1488 .
706 1479 715 1488 .
748 1479 757 1488 .
846 1442 971 1496 οὗτός
1001 1447 1120 1490 ἐστιν
1142 1445 1435 1503 Ἀγαμέμνων,
1466 1448 1567 1504 ἐμὸς

428 1516 588 1567 Πόσις,
619 1516 769 1572 νεκρὸς
800 1515 860 1568 δὲ,
892 1516 1059 1572 τῆσδε
1088 1516 1235 1566 δεξιᾶς
1264 1516 1387 1573 χερὸς

416 1584 573 1642 Ἔργον
603 1585 779 1634 δικαίας
806 1587 1036 1636 τέκτονος.)

312 1658 461 1699 facinus
491 1669 608 1697 suum
641 1662 679 1697 et
709 1657 934 1697 confessura
958 1661 996 1696 et
1026 1656 1247 1696 defensura.
1301 1656 1413 1704 Quod
1444 1669 1531 1696 cum
1567 1657 1610 1697 in
1643 1658 1832 1698 interiore

315 1728 455 1768 domus
485 1732 592 1779 parte
623 1730 816 1779 patratum
848 1738 935 1765 esse
966 1729 1131 1773 constet,
1164 1736 1246 1764 non
1267 1730 1484 1777 potuerunt
1512 1726 1576 1766 illa
1606 1726 1682 1767 alio
1713 1727 1831 1767 modo

315 1796 480 1844 ostendi,
510 1796 586 1836 nisi
608 1795 780 1835 adhibito
803 1795 1071 1847 eccyclemate‚
1103 1794 1212 1834 cuius
1234 1806 1326 1833 eum
1358 1806 1474 1834 usum
1495 1795 1619 1835 fuisse
1649 1795 1831 1843 diximus,

316 1870 360 1906 ut
390 1877 489 1919 quae
519 1865 624 1905 intus
656 1868 790 1904 essent
820 1868 915 1912 acta,
946 1867 1210 1916 spectatorum
1243 1862 1364 1902 oculis
1394 1868 1556 1915 possent
1584 1863 1730 1903 offerri.

427 1935 604 1975 Alterum
635 1933 899 1987 eccyclematis
930 1932 1152 1985 exemplum
1183 1931 1460 1984 Choephori
1500 1932 1754 1985 suppeditant
1798 1944 1830 1972 v.

317 2003 412 2045 967.
445 2003 606 2054 (Orest.)

420 2068 595 2112 Ἴδεσθε
624 2067 765 2123 χώρας
794 2067 871 2124 τήν
900 2067 1066 2123 διπλῆν
1094 2067 1332 2123 τυραννίδα

430 2137 758 2195 Πατροκτόνους
786 2153 832 2178 τε
863 2135 1077 2191 δωμάτων
1107 2133 1402 2192 πορθήτορας.

320 2212 359 2252 id
390 2210 494 2263 quod
523 2208 645 2249 schol.
675 2208 821 2248 indicat
864 2207 926 2247 his
956 2207 1125 2247 verbis:'
1157 2204 1399 2260 Ἀνοίγεται
1429 2203 1457 2261 ἡ
1487 2205 1620 2261 σκηνή
1651 2205 1726 2247 καὶ
1757 2205 1836 2247 ἐπὶ

317 2275 636 2333 ἐκκυκλήματος
667 2273 824 2330 ὁρᾶται
853 2274 909 2316 τὰ
938 2273 1138 2330 σώματα·
1183 2272 1211 2316 οἳ
1248 2272 1361 2326 λέγει
1393 2272 1555 2329 διπλῆν
1583 2273 1834 2329 τυραννίδα.

318 2349 416 2390 Nam
448 2352 491 2387 ut
534 2346 577 2386 in
607 2346 903 2398 Agamemnone
934 2345 1240 2398 Clytaemnestra
1278 2349 1473 2385 monstrat
1501 2344 1835 2397 Agamemnonem

317 2423 407 2471 post
435 2428 617 2457 scaenam
647 2415 915 2460 interfectum,
946 2414 1002 2454 sic
1031 2413 1189 2454 Orestes
1218 2414 1260 2453 in
1289 2414 1362 2454 hac
1390 2413 1591 2465 tragoedia
1619 2417 1835 2465 prostratos

317 2488 360 2528 in
404 2485 591 2526 interiore
636 2484 792 2524 aedium
836 2488 947 2535 parte
976 2483 1325 2535 Clytaemnestram
1366 2487 1405 2522 et
1435 2482 1688 2534 ·Aegisthum‚
1737 2493 1836 2534 quos

320 2555 573 2598 manifestum
606 2558 665 2594 est
694 2553 808 2605 paulo
841 2559 931 2593 ante
959 2552 1000 2591 in
1028 2552 1175 2604 regiam
1205 2552 1382 2599 intrasse,
1413 2550 1656 2603 Aegisthum,
1700 2555 1745 2590 ut
1788 2550 1837 2591 ad

319 2625 528 2678 hospitem,
559 2635 678 2676 quem
709 2622 846 2662 adesse
877 2622 1177 2670 nuntiaverant,
1210 2621 1393 2660 Orestem
1426 2632 1467 2659 se
1510 2620 1718 2667 conferret,
1748 2619 1838 2672 Cly-

320 2699 610 2741 taemnestram,
640 2697 686 2732 ut
714 2691 900 2743 Aegistho
932 2691 1112 2730 clamanti
1143 2690 1294 2730 veniret
1324 2688 1480 2729 auxilio.

433 2749 479 2803 In
508 2761 863 2801 Eumenidibus
894 2760 1060 2812 denique
1090 2760 1138 2799 ad
1169 2773 1203 2799 v.
1236 2758 1288 2798 64
1320 2757 1525 2797 scholiasta
1560 2757 1657 2797 haec
1700 2756 1836 2797 habet:

325 2830 480 2874 οὗτοι
510 2828 776 2885 προδώσω
804 2828 810 2883 Ι
836 2825 1071 2884 ἐπιφανεὶς
1094 2824 1322 2869 Ἀπόλλων
1352 2820 1639 2878 συμβουλεύει
1662 2819 1838 2879 ΙὈρέστῃ

326 2899 586 2942 καταλιπεῖν
628 2898 708 2953 μὲν
750 2897 799 2939 τό
834 2904 1058 2950 μαντεῖον,
1105 2902 1260 2952 φυγεῖν
1305 2893 1354 2936 δὲ
1399 2894 1461 2942 εἷς
1483 2891 1686 2949 Ἀθήνας.
1751 2892 1838 2934 Καὶ
