2014 3204
941 239 996 245 ——
1055 213 1135 255 222
1195 239 1249 244 --

341 333 533 373 canticum
573 332 784 384 significat,
825 333 929 385 quod
967 333 1013 373 ab
1050 334 1190 373 iisdem
1229 334 1407 382 saltatur,
1450 335 1517 387 qui
1557 347 1651 375 voce
1690 339 1866 383 canunt‚‘

340 409 424 443 tum
455 415 547 442 vero
579 402 770 454 peculiare
800 402 895 442 illud
924 415 1070 454 genus,
1110 404 1216 456 quod
1247 403 1494 444 Cretensium
1527 410 1608 444 erat
1637 405 1852 457 proprium,

340 472 509 511 maxime
531 471 717 523 agitatum
739 477 778 511 et
798 471 976 512 imitandi
997 477 1079 512 arte
1097 472 1365 525 conspicuum.
1397 473 1638 513 Plutarch.
1655 474 1687 522 Q
1701 479 1852 514 uaest.

341 541 536 581 conviv.
568 540 631 580 IX.
666 541 729 580 15.
763 554 793 580 c.
829 539 890 580 12.
921 541 964 580 T.
995 541 1041 580 11.
1075 555 1110 594 p.
1144 540 1237 581 913.
1270 542 1329 582 ed.
1377 542 1498 582 Paris.
1542 538 1775 600 ὀρχηστικῇ
1804 541 1853 582 δὲ

339 609 413 649 καὶ
445 610 653 664 ποιητικῇ
684 612 894 651 κοινωνία
923 611 1050 651 πᾶσα
1080 610 1151 650 καὶ
1183 610 1363 664 μέθεξις
1400 607 1598 665 ἀλλήλων
1642 609 1734 651 ἐστὶ
1779 611 1853 651 καὶ

339 676 529 732 μάλιστα
559 678 826 732 μιμούμεναι
860 678 961 731 περὶ
991 675 1039 719 τό
1076 676 1396 733 ὑπορχημάτων
1425 678 1547 731 γένος
1568 678 1739 734 ἐνεργὸν
1768 676 1854 734 ἀμ-

340 746 523 802 φότεραι
568 746 645 802 την
690 746 768 788 διὰ
811 748 896 788 τῶν
927 745 1158 802 σχημάτων
1191 747 1262 788 καὶ
1293 748 1379 790 τῶν
1409 746 1635 802 ὄνομά-των
1664 750 1853 803 μίμησιν

340 814 622 858 ἀποτελοῦσι.

368 1139 432 1178 DE
461 1138 676 1178 ACTIONE
707 1137 993 1177 DRAMATICA
1024 1137 1133 1177 SIVE
1166 1138 1228 1177 DE
1249 1138 1559 1178 HISTRIONUM
1589 1138 1821 1179 ACTIONE.

452 1233 628 1273 Vidimus
658 1236 696 1270 et
726 1231 767 1270 in
796 1230 1080 1282 rhapsodorum
1121 1236 1160 1270 et
1189 1231 1229 1270 in
1260 1231 1537 1271 choreutarum
1569 1236 1653 1270 arte
1683 1231 1851 1271 duarum

339 1302 492 1342 illarum
524 1301 706 1354 partium,
739 1300 881 1352 quibus
912 1299 1074 1339 omnino
1106 1300 1205 1340 actio
1237 1299 1471 1348 continetur,
1510 1299 1651 1339 vocis
1683 1305 1722 1339 et
1750 1312 1853 1340 mo-

340 1376 417 1410 tus
447 1381 704 1422 permagnum
734 1369 855 1408 fuisse
886 1375 1134 1409 momentum
1167 1373 1206 1408 et
1245 1383 1265 1409 a
1302 1369 1509 1422 rhapsodis
1550 1368 1709 1421 quidem
1749 1368 1852 1408 vocis

339 1439 591 1491 potissimum
623 1438 1000 1486 conformationem,
1041 1451 1061 1478 a
1100 1438 1299 1478 choreutis
1331 1451 1419 1478 cum
1451 1451 1544 1478 voce
1574 1443 1756 1488 gestuum
1786 1450 1854 1477 va-

339 1508 517 1548 rietatem
563 1513 680 1560 atque
725 1507 1045 1559 perspicuitatem
1083 1507 1275 1547 excultam
1306 1520 1391 1547 esse
1423 1506 1688 1559 cognovimus.
1750 1506 1855 1559 Sup-

340 1577 510 1629 peditata
541 1577 657 1628 igitur
690 1580 801 1616 erant
832 1581 936 1623 tum,
969 1588 1057 1616 cum
1089 1575 1300 1616 dramatica
1330 1576 1461 1628 poesis
1493 1577 1632 1616 florere
1662 1581 1853 1629 coeperat,

340 1645 504 1686 actionis
527 1646 732 1692 elementa,
764 1644 928 1697 quaein
948 1645 1088 1685 fabulis
1119 1645 1278 1697 agendis
1309 1645 1516 1698 perliceret
1546 1645 1696 1685 histrio.
1755 1645 1853 1685 Nam

341 1714 671 1767 quemadmodum
711 1714 962 1754 dramaticum
1000 1715 1137 1766 poesin
1176 1714 1351 1754 omnium
1383 1714 1512 1767 poesis
1542 1726 1733 1766 generum
1762 1726 1854 1766 per-

339 1783 595 1824 fectissimam
627 1796 711 1823 esse
741 1783 961 1835 putandum
993 1789 1064 1832 est,
1109 1784 1166 1824 sic
1196 1783 1294 1824 actio
1331 1783 1373 1823 in
1411 1783 1519 1837 poesi
1557 1782 1765 1823 dramatica
1805 1783 1854 1822 ad

342 1865 543 1893 summum
575 1853 734 1892 demum
765 1858 955 1905 tanquam
986 1853 1079 1894 artis
1102 1852 1300 1904 fastigium
1332 1858 1463 1893 evecta
1495 1858 1566 1893 est.
1627 1852 1716 1892 Non
1747 1852 1851 1892 enim

343 1921 435 1962 satis
466 1926 525 1961 est
554 1921 747 1970 histrioni,
779 1927 824 1961 ut
853 1922 1060 1975 rhapsodo‚
1091 1934 1293 1962 enarrasse
1324 1933 1422 1974 quae
1453 1920 1500 1960 ab
1531 1920 1614 1961 aliis
1645 1921 1745 1961 dicta
1773 1920 1855 1961 fac—

342 1996 458 2044 taque
489 1996 593 2038 sunt,
625 2003 706 2030 non
736 1991 843 2039 satis,
875 1996 918 2030 ut
948 1992 1167 2040 choreutae,
1212 1997 1412 2044 praeterea
1457 1990 1550 2042 quid
1595 1990 1643 2030 de
1687 1990 1853 2030 aliorum

342 2060 453 2099 dictis
498 2060 686 2112 factisque
732 2061 896 2101 sentiret
940 2066 1269 2101 commonstrasse
1299 2084 1353 2089 -
1391 2071 1685 2112 quamquam
1731 2059 1854 2098 haec

343 2130 540 2182 quidem
571 2129 736 2170 omnia
766 2130 820 2170 ab
841 2130 1115 2170 histrionis
1137 2134 1239 2175 arte
1261 2129 1464 2169 minime
1486 2133 1599 2168 sunt
1618 2127 1778 2168 aliena
1798 2149 1852 2155 -—-

343 2200 411 2239 sed
442 2199 516 2239 hoc
546 2199 851 2251 est‘proprium,
897 2205 941 2239 ut
971 2199 1053 2252 ipse
1083 2198 1259 2239 videatur
1288 2211 1413 2250 agere,
1460 2198 1497 2238 id
1543 2202 1602 2237 est
1639 2201 1683 2236 ut
1727 2200 1853 2236 certos

344 2268 535 2321 quosdam
566 2280 697 2307 mores
727 2267 774 2307 ab
805 2268 917 2308 initio
946 2269 1102 2309 fabulae
1131 2280 1257 2321 usque
1288 2268 1335 2308 ad
1365 2268 1485 2307 finem
1514 2266 1713 2307 sustinens
1743 2277 1854 2305 suam

344 2338 452 2390 quasi
490 2349 697 2390 personam
744 2343 860 2377 exuat
903 2338 1147 2391 alienamque
1191 2337 1336 2377 induat.
1413 2335 1525 2384 Quod
1571 2335 1726 2388 quidem
1770 2334 1855 2374 fieri

343 2406 453 2447 aliter
483 2419 563 2447 non
604 2396 775 2458 potest,
801 2406 875 2446 nisi
906 2407 940 2447 si
970 2419 1107 2447 omnes
1137 2406 1244 2446 vocis
1276 2405 1574 2452 modulationes,
1620 2416 1755 2444 omnes
1786 2417 1855 2456 ge-

344 2483 441 2524 stuS‚
474 2481 606 2516 motus
637 2487 727 2516 cum
759 2475 882 2525 dictis,
927 2476 1052 2524 factis,
1100 2475 1289 2524 moribus,
1336 2474 1461 2527 qualia
1492 2474 1632 2526 cuique
1661 2485 1855 2526 personae

343 2550 456 2597 poeta
495 2544 645 2595 tribuit,
692 2545 806 2597 plane
850 2551 1084 2597 congruunt.
1158 2546 1268 2585 Hane
1312 2550 1443 2584 autem
1489 2549 1608 2583 artem
1655 2543 1855 2584 neminem

343 2620 504 2666 apparet
533 2620 669 2654 tenere
699 2626 826 2666 posse,
873 2614 948 2654 nisi
993 2615 1061 2667 qui
1106 2614 1326 2654 sententiae
1372 2624 1573 2663 nexusque
1618 2624 1767 2661 earum,
1812 2612 1855 2652 in

344 2682 487 2735 quibus
519 2683 711 2735 agendum
743 2689 815 2731 est,
851 2683 1140 2734 tragoediarum
1172 2684 1222 2723 sit
1251 2679 1653 2732 intellegentissimus‚
1678 2689 1855 2722 'morum

344 2757 584 2803 naturaeque
614 2764 871 2804 personarum
901 2765 999 2805 quae
1030 2753 1076 2792 ad
1108 2751 1342 2792 imitandum
1383 2749 1607 2802 propositae
1641 2756 1735 2790 sunt
1764 2763 1856 2802 per-

345 2820 683 2873 spicientissimus,
731 2821 906 2861 omnium
950 2821 1111 2862 humani
1157 2820 1275 2861 animi
1308 2831 1514 2858 sensorum
1548 2831 1591 2858 ac
1620 2817 1856 2858 vicissitudi—

346 2902 440 2929 num
471 2889 743 2941 pcritissimuS,
789 2889 958 2942 denique
1002 2889 1106 2931 vocis
1151 2894 1412 2941 gestuumque
1456 2888 1632 2927 omnium
1679 2886 1854 2939 corporis
