2014 3204
920 207 1229 247 —166—

319 325 414 365 alter
469 316 981 377 δευτεραγωνιστής.
1069 322 1193 376 Atque
1255 323 1355 363 intra
1405 323 1477 363 hos
1524 324 1623 364 fines
1673 331 1831 367 auctore

319 392 505 445 Aeschylo
538 392 711 432 substitit
742 392 979 433 histrionum
1010 405 1220 442 numerus,
1261 405 1377 445 quem
1408 392 1450 431 in
1480 392 1675 444 prioribus
1714 400 1829 442 certe,

320 475 418 516 quae
448 467 673 514 supersunt,
711 461 850 501 fabulis
882 474 1084 515 nunquam
1117 475 1205 502 eum
1237 461 1451 517 excessisse
1481 473 1573 501 mox
1602 461 1828 505 videbimus.

320 531 397 572 Sed
427 531 530 584 quod
564 530 716 583 egregie
746 530 944 571 incohavit
974 531 1197 584 Aeschylus,
1229 530 1294 584 qui
1325 531 1489 570 alterum
1519 530 1628 570 illum
1659 536 1831 572 actorem

320 600 506 654 quoniam
528 601 567 640 in
596 612 775 640 scaenam
807 599 1036 652 introduxit,
1068 600 1192 653 ipsius
1224 599 1407 640 dramatis
1437 604 1543 639 recte
1571 599 1739 640 habetur
1766 600 1833 640 in-

319 676 476 718 ventor,
523 669 560 709 id
608 669 868 709 scientissime
913 669 1077 721 perfecit
1122 668 1357 722 Sophocles,
1402 668 1467 720 qui
1511 668 1627 708 tertio
1671 669 1829 709 demum

318 739 510 780 histrione
542 738 725 779 adiuncto
756 737 978 790 tragoediae
1008 738 1175 778 formam
1207 736 1383 777 iudicans
1412 737 1565 789 perfici,
1604 738 1721 778 tertio
1750 738 1832 791 pri-

321 822 409 850 mus
441 821 535 849 usus
568 813 627 848 est
657 813 802 857 actore,
832 808 1059 858 tritagon
1074 806 1173 846 ista.
1235 806 1436 858 Sophoclis
1468 806 1740 848 auctoritatem
1770 821 1833 848 se-

320 883 432 918 cutus
456 883 515 918 est
546 890 684 918 rursus
706 877 915 929 Aeschylus
947 877 1011 923 ita,
1043 880 1085 915 ut
1115 875 1156 915 in
1188 875 1383 923 extremis,
1415 888 1514 928 quae
1543 875 1590 916 ab
1621 889 1666 917 eo
1698 877 1834 918 doctae

319 953 425 996 sunt,
458 947 597 987 fabulis
628 952 666 987 et
693 947 788 999 ipsis
810 946 910 986 terni
931 945 1182 986 inveniantur
1211 949 1373 984 actores.
1432 944 1514 985 Hoc
1543 945 1576 985 si
1605 945 1831 995 statuimus,

320 1017 425 1071 quod
456 1018 506 1057 ita
541 1030 627 1057 esse
660 1015 876 1056 doctissimi
906 1016 982 1056 iam
1016 1014 1196 1054 viderunt
1226 1013 1419 1066 homines,
1452 1015 1600 1055 sublata
1622 1021 1682 1055 est
1702 1015 1832 1067 simul,

319 1100 417 1140 quae
462 1087 563 1139 apud
612 1090 760 1126 veteres
805 1083 1022 1138 reperitur,
1066 1083 1350 1123 sententiarum
1396 1083 1666 1136 discrepantia.
1736 1085 1832 1124 Nam

319 1169 407 1196 cum
438 1156 667 1197 Aristoteles
697 1160 735 1194 et
765 1153 957 1204 Diogenes
989 1152 1181 1199 Laertius,
1217 1151 1349 1192 idonei
1379 1164 1471 1192 sane
1500 1158 1632 1202 testes,
1662 1153 1832 1207 Aeschy-

318 1223 399 1263 lum
431 1223 617 1269 alterum,
661 1224 893 1276 Sophoclem
924 1221 1083 1262 tertium
1122 1220 1341 1261 instituisse
1381 1226 1551 1261 actorem
1591 1227 1696 1263 recte
1731 1222 1835 1263 refe-

317 1293 407 1330 rant
438 1289 619 1339 (Arist.
650 1295 782 1343 poet.
814 1302 844 1329 c.
879 1291 915 1330 4.
950 1293 972 1339 ξ
999 1290 1063 1331 13.
1094 1288 1167 1329 καὶ
1199 1283 1299 1330 τότε
1329 1289 1415 1331 τῶν
1444 1286 1694 1345 ὑποκριτῶν
1722 1290 1836 1346 πλῆ-

319 1359 404 1406 θος
435 1355 483 1408 ἐξ
513 1355 606 1406 ἑνὸς
637 1358 699 1406 εἰς
730 1356 828 1399 δύο
860 1359 1032 1413 πρῶτος
1067 1357 1289 1410 Αἰσχύλος
1319 1356 1469 1414 ἤγαγε,
1507 1365 1655 1414 τρεῖς
1685 1356 1734 1400 δὲ
1762 1358 1836 1400 καὶ

319 1429 647 1483 σκηνογραφίαν
677 1425 916 1484 Σοφοκλῆς.
978 1428 1179 1480 Diogen.
1221 1429 1280 1469 La
1294 1434 1378 1469 ert
1418 1429 1481 1468 ΠΙ.
1523 1428 1590 1469 56.
1659 1426 1838 1482 ὕστερον

319 1496 368 1538 δὲ
407 1498 579 1544 Θέσπις
622 1498 697 1537 ενα
743 1494 982 1552 ὑποκριτήν
1029 1495 1197 1551 ἐξεῦρεν
1233 1521 1286 1526 ——
1325 1495 1397 1537 καὶ
1445 1494 1704 1551 δεύτερον
1741 1497 1837 1537 Αἵ·-

320 1563 488 1618 σχύλος,
520 1564 596 1607 τὸν
627 1564 675 1606 δὲ
696 1567 877 1621 τρίτον
897 1565 1183 1621 Σοφοκλῆςῑ),
1216 1565 1277 1606 alii
1299 1570 1434 1606 contra
1453 1565 1584 1618 ipsum
1604 1566 1836 1619 Aeschylum

319 1637 484 1677 tertium
517 1649 674 1691 quoque
711 1636 872 1676 tradunt
909 1636 1104 1676 invenisse
1146 1636 1272 1685 (Vita
1309 1635 1538 1688 Aeschyli
1575 1649 1613 1689 p.
1658 1636 1736 1676 159
1777 1636 1834 1677 ed.

317 1707 446 1747 Ritter
475 1703 550 1747 τὸν
581 1704 629 1746 δὲ
660 1706 806 1759 τρίτον
837 1701 1080 1760 ὑποκριτην
1101 1701 1231 1753 αὐτὸς
1252 1702 1436 1757 ἐξεῦρεν,
1470 1701 1527 1752 ὠς
1548 1702 1596 1745 δὲ
1619 1706 1838 1760 Δικαίαρ-

317 1790 392 1829 χος
437 1772 462 1817 ὁ
509 1771 788 1829 Μεσσηνιος,
835 1773 1074 1829 Σοφοκλῆς.
1151 1774 1413 1814 Themistii
1458 1779 1576 1816 orat.
1619 1773 1753 1814 XXVI.
1798 1787 1836 1827 p.

320 1845 414 1887 382.
448 1845 508 1885 ed.
541 1844 708 1884 Dindorf
738 1844 909 1891 Θέσπις
940 1841 1159 1897 πρόλογόν
1188 1857 1233 1882 τε
1263 1842 1336 1882 καὶ
1369 1842 1495 1898 ῥῆσιν
1525 1841 1712 1897 ἐξεῦρεν,
1749 1842 1838 1885 Λί-

307 1912 475 1967 ,σχύλος
497 1910 544 1955 δὲ
565 1914 710 1968 τρίτον
731 1909 969 1967 ὑποκριτὴν
998 1910 1071 1952 καὶ
1102 1909 1416 1966 ὄκρίβαντας2).
1476 1911 1601 1951 Facile
1628 1911 1735 1952 enim
1754 1911 1839 1952 fieri

317 1990 486 2038 poterat,
519 1987 563 2023 ut
594 1983 627 2023 si
659 1983 744 2036 quis
775 1982 908 2023 minus
939 1986 1118 2022 accurate
1148 1981 1189 2021 in
1220 1981 1278 2022 rei
1309 1981 1505 2021 scaenicae
1536 1980 1744 2022 historiam
1773 1981 1834 2020 in-

318 2053 504 2106 quireret,
536 2052 611 2092 hoc
641 2065 798 2105 quoque
828 2053 1031 2092 inventum
1063 2050 1103 2090 in
1133 2049 1366 2103 Aeschylum
1399 2049 1696 2091 celeberrimum
1725 2050 1835 2091 illum

318 2127 378 2162 tot
407 2126 684 2174 tantarumqne
713 2134 846 2162 rerum
884 2126 1084 2162 auctorem
1115 2122 1328 2167 conferret,
1366 2119 1598 2172 praesertim
1642 2130 1758 2172 quem
1798 2124 1838 2160 et

318 2192 448 2244 ipsum
495 2190 537 2230 in
582 2191 782 2232 nonnullis
827 2190 1034 2243 tragoediis
1082 2189 1207 2230 tribus
1253 2188 1450 2229 actoribus
1494 2201 1609 2229 usum
1655 2201 1740 2228 esse
1779 2189 1837 2228 vi-

321 2261 430 2301 deret
444 2260 488 2309 ³).
1245 2261 1261 2280 ⁵

433 2328 560 2381 Atque
592 2341 682 2369 cum
714 2328 835 2382 probe
867 2327 1109 2380 intellegeret
1134 2326 1359 2379 Aeschylus,
1390 2339 1467 2379 quo
1499 2325 1671 2366 maiores
1700 2325 1839 2366 fierent

321 2404 498 2439 actorum
523 2402 667 2451 partes,
699 2411 744 2437 eo
772 2398 858 2450 plus
889 2398 929 2438 in
959 2397 1196 2438 histrionum
1229 2402 1312 2437 arte
1341 2396 1473 2437 inesse
1503 2395 1706 2443 momenti,
1737 2394 1838 2435 anti-

322 2467 525 2522 quissimis
556 2466 803 2520 temporibus
842 2471 885 2507 ut
927 2467 1044 2507 ceteri
1080 2472 1217 2520 poetae
1255 2479 1350 2506 suae
1386 2465 1521 2506 aetatis
1559 2464 1597 2504 in
1636 2464 1717 2505 suis
1755 2464 1839 2516 ipse

412 2667 435 2708 ¹)
463 2667 511 2700 Cf.
540 2667 649 2700 Suid.
685 2677 715 2701 ν.
748 2665 1006 2711 Σοφοκλῆς·
1031 2685 1074 2690 -
1100 2656 1204 2703 οὗτος
1237 2667 1380 2713 πρῶτος
1408 2663 1525 2712 τρισὶν
1547 2658 1724 2709 ἐχρήσατο
1747 2659 1839 2696 ὑπο-

320 2736 461 2771 κριῒαῑς
484 2726 545 2759 καὶ
569 2724 618 2768 'lq-i
641 2725 916 2772 ἵρίΐαγωνίσῖῇ.

412 2784 437 2827 ²)
463 2783 512 2817 Cf.
551 2784 721 2817 Cramer
755 2782 956 2815 Anecdot.
993 2781 1128 2815 Paris.
1165 2782 1235 2815 vol.
1272 2780 1296 2814 1.
1333 2791 1362 2824 p.
1405 2779 1456 2814 19.
1517 2778 1565 2812 De
1602 2778 1764 2823 Aeschyli
1799 2787 1837 2810 re

323 2843 479 2876 scaenica
503 2841 538 2874 P.
565 2840 576 2874 1
602 2852 633 2885 p.
661 2841 733 2874 124.
1675 2861 1677 2864 ,

411 2898 440 2942 ³)
463 2900 510 2932 De
535 2899 641 2932 simili
668 2909 786 2932 errore
813 2898 1003 2942 expositum
1028 2901 1080 2930 est
1104 2908 1136 2941 p.
1165 2896 1238 2929 142.
1264 2906 1332 2939 sqq.
