2014 3204
758 245 1064 285 —119-

159 365 371 406 histriones
401 376 491 404 suas
523 367 652 416 partes
684 362 824 410 acturi,
870 361 974 415 quod
1003 361 1149 401 rectius
1179 361 1405 401 nominatur
1436 373 1675 413 proscae-

160 433 311 474 nium.
373 433 550 485 Denique
579 436 700 473 totam
731 431 835 471 illam
866 430 1008 470 theatri
1037 435 1190 482 partem
1220 429 1424 482 significat,
1456 443 1553 482 quac
1582 442 1675 482 pro-

162 503 378 550 scaenium,
409 487 674 554 parascaenia,
703 498 1021 553 hyposcaenium,
1053 498 1183 539 omnia
1215 511 1258 538 ea
1290 500 1370 538 loca
1393 499 1676 552 complectitur,

161 584 260 625 quae
291 571 337 611 ad
367 583 547 611 scaenam
589 569 796 622 pertinent.
857 568 940 608 Hoc
968 568 1089 621 probe
1118 567 1332 607 tenendum
1364 573 1436 614 est,
1468 580 1518 608 ne
1562 568 1594 607 si
1637 568 1678 607 in

163 653 282 681 unam
312 651 449 681 omnes
480 639 669 685 velimus,
715 651 812 691 quae
843 638 945 689 apud
975 642 1126 677 veteres
1169 636 1438 684 inveniuntur,
1484 637 1678 688 significa-

162 704 290 749 tiones
337 708 518 756 conflare,
561 708 604 747 in
642 708 760 747 miros
805 706 1022 747 incidamus
1069 718 1234 746 errores,
1296 706 1366 745 Est
1410 711 1539 746 autem
1585 707 1679 746 haec

162 777 322 818 omnino
350 777 392 817 in
415 776 521 817 omni
550 789 592 817 re
622 776 797 816 scaenica
818 775 1034 816 adhibenda
1064 775 1203 822 cautio,
1238 780 1279 814 ut
1310 787 1358 813 ne
1388 775 1510 814 varias
1542 775 1677 826 singu-

159 838 288 887 lorum
318 845 608 893 vocabulorum,
638 857 737 898 quae
769 845 953 897 deinceps
983 850 1096 884 natae
1126 849 1241 891 sunt,
1274 843 1571 895 significationes
1617 850 1677 883 te-

160 909 267 955 mere
297 919 597 962 commutemus,
628 915 697 954 sed
728 919 768 953 et
798 925 898 966 quae
919 912 1068 952 fuerint
1098 925 1166 951 eae
1197 923 1335 952 omnes
1366 918 1404 952 et
1433 926 1552 965 quam
1583 913 1676 953 aliae

165 995 233 1024 eae
262 982 344 1023 aliis
374 982 614 1036 temporibus
646 982 803 1028 fuerint,
836 986 942 1021 recte
973 993 1268 1033 cognoscamus.

270 1051 467 1092 Habemus
495 1051 613 1103 igitur
642 1056 723 1091 tres
743 1051 840 1098 illas,
872 1063 968 1103 quas
988 1050 1101 1090 initio
1132 1050 1340 1098 nominavi,
1372 1050 1513 1090 theatri
1533 1055 1677 1103 partes,

161 1122 405 1175 vidimusque
449 1120 647 1173 quomodo
693 1133 739 1160 ex
774 1132 853 1160 una
897 1119 1066 1172 reliquae
1116 1119 1298 1172 deinceps
1344 1119 1422 1159 sint
1466 1123 1676 1172 profectae.

159 1191 273 1239 Quod
303 1190 336 1230 si
365 1196 470 1230 recte
500 1194 748 1242 reputassent
791 1190 829 1239 ii,
875 1190 941 1242 qui
986 1189 1261 1242 quaesiverunt
1306 1201 1447 1242 nuper,
1492 1201 1589 1228 num
1635 1189 1677 1229 in

159 1261 402 1301 orchestram
423 1271 598 1311 unquam
618 1258 831 1298 intrassent
865 1258 1085 1306 histriones,
1126 1258 1166 1298 in
1198 1271 1381 1299 scaenam
1412 1257 1677 1311 Choreutael),

161 1329 446 1369 intellexissent
475 1328 663 1380 profecto,
702 1327 804 1379 quod
837 1333 875 1366 et
905 1327 1212 1368 Toelkenius
1256 1327 1487 1380 iampridem
1538 1327 1678 1368 statuit

160 1404 199 1439 et
228 1397 438 1438 novissime
481 1396 658 1449 probavit
702 1397 830 1436 denuo
877 1396 1119 1436 Godofredus
1155 1395 1491 1444 Hermannus,
1549 1409 1677 1436 nun-

160 1479 301 1520 quam
332 1466 380 1506 in
410 1466 717 1506 orchestram
753 1465 1008 1517 prodiisse
1053 1465 1351 1513 histriones,
1397 1471 1444 1505 at
1474 1466 1678 1518 saepius

160 1536 209 1576 in
240 1547 467 1575 scaenam
499 1533 809 1583 choreutas2).
869 1535 957 1574 Non
1004 1535 1108 1575 enim
1141 1541 1288 1574 temere
1320 1534 1453 1574 Graeci
1483 1535 1678 1587 pulpitum

163 1604 419 1644 histrionibus
450 1603 686 1644 exstruxisse
708 1603 871 1656 putandi
901 1610 1009 1651 sunt,
1040 1604 1076 1643 id
1099 1604 1202 1656 quod
1235 1609 1545 1644 consentaneum
1578 1609 1680 1644 esset

161 1673 383 1720 existimari,
429 1673 461 1713 si
500 1672 621 1712 iidem
652 1672 691 1711 in
722 1672 923 1712 orchestra
967 1672 1111 1712 versari
1155 1672 1332 1724 potuisse
1377 1678 1508 1712 essent
1553 1671 1678 1722 visi³);

254 1826 280 1866 ¹)
306 1824 341 1857 C.
378 1823 416 1856 E.
455 1823 658 1867 Geppert‚
693 1824 774 1855 iiber
804 1823 858 1856 die
893 1823 1061 1865 Eingiinge
1094 1834 1135 1856 zu
1171 1824 1245 1856 dem
1275 1824 1493 1857 Proscenium
1526 1825 1591 1856 und
1617 1824 1676 1856 der

161 1882 343 1915 Orchestra
368 1881 424 1913 des
451 1880 542 1913 alten
565 1879 742 1913 Theaters.
779 1880 892 1913 Berlin
923 1881 1018 1922 1842,
1044 1881 1232 1924 idemque
1258 1881 1307 1914 in:
1335 1882 1387 1914 die
1417 1881 1677 1924 altgriechischc

161 1940 284 1974 Biilme.
331 1938 469 1981 Leipzig
495 1937 592 1970 1843.
619 1948 648 1980 p.
676 1937 739 1970 128
764 1942 832 1980 sqq.
858 1936 1056 1979 Holster‚
1073 1939 1120 1971 ‚de
1139 1939 1301 1971 adornata
1327 1939 1509 1982 Oedipodis
1535 1938 1676 1971 Colonei

161 2007 270 2031 scena.
325 1995 457 2029 ltzehoe
494 1994 588 2028 1846.
643 1994 838 2038 Droysen
872 1996 907 2027 in
939 1996 1020 2035 „des
1044 1995 1235 2038 Aeschylos
1259 1995 1390 2029 lVerke
1414 1996 1586 2028 iibersetzt
1610 2005 1676 2027 von

158 2052 232 2093 1).“,
255 2051 282 2084 F
293 2062 365 2089 ran
376 2062 395 2083 z
408 2051 441 2083 iu
454 2052 535 2094 „des
549 2053 738 2096 Aeschylos
756 2052 924 2094 Oresteia,
940 2053 1131 2094 griechisch
1148 2054 1214 2086 und
1232 2054 1384 2086 deutsch.
1397 2052 1539 2096 Leipzig
1556 2053 1676 2086 1846.“

249 2108 276 2151 ²)
303 2108 428 2142 Erravi
452 2115 487 2142 et
510 2110 581 2153 ipse
607 2110 719 2153 aliqua
744 2120 786 2142 ex
803 2116 899 2154 parte
924 2110 1191 2144 Zeitschrift
1215 2109 1279 2143 fiir
1297 2111 1363 2143 die
1381 2110 1676 2144 Alterthums-

158 2165 464 2199 wissenschaft
487 2167 571 2200 1845
585 2167 645 2200 Nr.
665 2169 720 2210 45,
733 2179 763 2211 p.
779 2168 855 2210 360,
870 2162 1050 2209 [scaenica
1072 2179 1100 2211 11.
1129 2169 1183 2209 66]
1208 2169 1305 2211 quod,
1327 2169 1461 2201 etiamsi
1479 2168 1677 2201 videramin

159 2233 251 2256 more
269 2222 376 2257 fuisse
390 2224 542 2267 positum,
567 2230 604 2258 ut
618 2226 798 2258 choreutae
813 2225 844 2257 in
860 2225 1079 2266 orchestram,
1101 2225 1286 2258 histriones
1300 2226 1330 2257 in
1350 2236 1501 2258 scaenam
1519 2227 1678 2270 procede-

159 2287 246 2323 rent,
262 2287 377 2315 tameu
397 2278 627 2326 nonnunquam
650 2287 834 2316 statueram
848 2284 1023 2324 accidisse,
1049 2288 1085 2315 ut
1098 2293 1158 2326 per
1173 2284 1378 2316 orchestram
1391 2288 1525 2316 actores
1539 2284 1676 2316 adscen-

159 2340 280 2372 derent
293 2339 326 2371 in
344 2350 507 2373 scaenam.
534 2340 627 2383 Quod
652 2351 724 2373 cum
742 2339 896 2373 fecissem
910 2341 970 2374 hac
990 2340 1184 2374 Pollucis
1199 2341 1406 2374 auctoritate
1426 2346 1609 2374 commotus
1623 2341 1677 2375 IV.

161 2397 235 2438 126,
261 2407 326 2440 11113
352 2397 423 2430 5013
449 2398 616 2440 paululum
646 2398 772 2430 11110311
805 2399 982 2432 videbatur
1007 2400 1280 2432 adversariorum
1305 2399 1433 2441 opinio:
1463 2399 1534 2433 τῶν
1556 2399 1679 2443 μέντοι

158 2450 335 2499 παρόδων
358 2451 379 2496 ἡ
398 2453 468 2499 μὲν
486 2452 582 2493 δεξιὰ
607 2448 769 2501 ἀγρόθεν
792 2451 813 2498 ἢ
838 2455 876 2490 ἐκ
899 2456 1044 2500 λιμένος
1068 2453 1089 2499 ἢ
1113 2456 1150 2489 ἐκ
1173 2451 1313 2493 πόλεως
1337 2452 1429 2500 ἄγει·
1456 2456 1489 2489 οἱ
1512 2454 1549 2489 δὲ
1573 2453 1679 2488 ἄλλα·

153 2507 272 2555 χόθεν
295 2510 398 2549 πεζοὶ
420 2507 690 2557 ἅφικιόίμενοι
707 2510 797 2546 κατὰ
823 2510 885 2557 τὴν
909 2513 1030 2559 ἑτέραν
1046 2516 1215 2548 εἰσίασιν’
1242 2510 1526 2551 εἰσελθόντες
1550 2513 1591 2547 δὲ
1615 2515 1679 2550 εἰς

157 2566 230 2612 τὴν
265 2562 525 2615 ὀρχήστραν
559 2569 633 2603 ἐπὶ
668 2567 744 2611 τὴν
779 2568 943 2614 σκηνὴν
979 2569 1058 2603 διὰ
1099 2568 1326 2615 κλιμάκων
1361 2567 1676 2621 ἀναβαίνουσι,

161 2626 279 2659 accedo
306 2637 390 2659 nunc
415 2627 595 2660 Hermanni
620 2628 808 2662 sententiae
842 2629 894 2670 (de
919 2639 956 2662 re
981 2630 1115 2663 scenica
1147 2630 1179 2662 in
1212 2628 1374 2673 Aeschyli
1406 2628 1548 2661 0163163
1573 2640 1603 2672 p.
1631 2629 1675 2670 7),

159 2683 214 2725 qui
249 2685 497 2727 transponenda
535 2695 610 2718 esse
647 2686 800 2718 iudicans
839 2692 989 2720 extrema
1018 2687 1078 2720 illa
1104 2687 1222 2722 verba.
1261 2685 1346 2729 ex§
1374 2687 1437 2720 109
1463 2696 1501 2719 63
1525 2685 1674 2719 Pollucis

160 2750 275 2773 errore
299 2742 332 2774 in
357 2743 444 2775 hunc
469 2743 578 2775 locum
603 2744 690 2777 male
717 2744 850 2777 intrusa
874 2754 949 2777 esse
974 2744 1159 2778 existimat.

251 2798 279 2841 ³)
302 2798 375 2832 Non
402 2800 488 2834 enim
513 2801 645 2835 intrant
673 2802 780 2835 solum
805 2802 942 2835 illorum
967 2802 1103 2845 iudicio,
1130 2811 1205 2834 mox
1230 2801 1263 2833 in
1289 2811 1440 2834 scaenam
1465 2802 1674 2843 adscensuri,

160 2857 217 2890 sed
247 2857 443 2901 saepissime
467 2857 670 2901 aliquamdiu
706 2860 740 2892 iu
777 2861 952 2892 orchestra
978 2864 1227 2892 commorantur
1260 2864 1402 2892 actores.
1450 2858 1568 2892 Veluti
1593 2859 1673 2891 Cas-

158 2914 278 2948 sandra
302 2915 335 2947 in
363 2916 573 2959 Aeschyli
598 2917 919 2959 Agamemnone,
944 2922 981 2950 ut
1006 2917 1059 2950 illi
1084 2917 1216 2958 volunt,
1242 2916 1297 2958 (cf.
1322 2917 1443 2949 Franz.
1470 2916 1509 2948 ad
1536 2928 1567 2949 v.
1594 2916 1672 2956 757)
