2014 3204
232 29 244 40 θ
259 28 261 30 η
274 0 525 29 ’ἰ,’ὖ8ῧιᾜ’ζῆἶ’ζῗ,ζ“”ψ
544 0 610 22 'ff-J*
624 0 632 13 Ῑ
665 0 676 3 “
693 0 701 4 “
734 1 739 4 ·
755 0 759 2 ’
787 0 821 8 ¹¹··

235 41 240 49 ν
269 30 279 39 z
304 34 311 44 .

737 237 1045 277 -161--

137 369 225 399 esse
267 355 601 404 demonstravit1).
668 355 802 406 Itaque
844 353 899 393 sic
942 353 1020 392 iam
1062 351 1291 392 mutandam
1339 363 1424 391 esse
1465 349 1645 396 arbitror,

138 439 257 481 quam
286 426 379 467 olim
405 425 584 473 tuleram,
612 422 860 469 sententiam,
893 427 936 462 ut
955 422 1119 461 florente
1150 421 1307 473 quidem
1328 426 1411 460 arte
1440 419 1647 460 dramatica

137 496 285 538 nullam
324 507 430 537 aram
465 495 507 535 in
544 493 740 534 orchestra
766 490 891 531 fuisse
926 489 1155 538 concedam,
1192 489 1420 542 sublataque
1450 502 1511 536 ea,
1550 499 1650 541 quae

139 571 255 607 antea
283 565 423 614 fuerat,
453 563 650 617 thymelen
684 561 742 601 nil
770 559 1008 612 significasse
1039 559 1272 606 existimem,
1311 558 1388 598 nisi
1427 559 1649 598 orchestrae

140 634 336 688 pulpitum
352 633 400 683 ²),
438 633 479 673 in
508 646 585 686 quo
616 629 897 683 antiquissimis
929 628 1171 682 temporibus
1202 627 1388 668 collocata
1415 628 1545 668 fuerat
1573 639 1651 673 ara,

142 709 183 744 et
209 703 252 744 in
282 715 360 756 quo
390 703 605 744 etiamtunc
642 699 833 741 saltabant
862 698 982 738 chori.
1041 697 1148 745 Quae
1188 697 1221 737 si
1257 702 1364 737 recte
1393 701 1488 736 sunt
1517 695 1651 747 dispu-

142 777 236 820 tata,
263 772 421 813 tandem
452 771 658 825 aliquando
678 769 867 810 hahemus
897 767 989 808 satis
1020 766 1188 819 dignam,
1220 766 1413 813 decoram,
1445 769 1653 817 aptamque

141 839 378 894 simplicitati
407 839 642 880 Graecorum
673 837 927 878 orchestram.
972 835 1122 888 Excipit
1151 835 1258 875 enim
1277 834 1553 888 proscaenium
1573 833 1654 874 sive

141 909 295 960 logeum
315 908 442 948 media
461 907 525 948 illa
554 907 698 947 theatri
717 918 821 959 pars,
850 904 1082 945 semicirculi
1109 904 1278 945 formam
1308 903 1469 951 habens,
1501 901 1654 953 (Phot.

140 989 181 1032 p.
211 977 304 1017 351.
338 976 405 1027 16)
437 977 695 1018 orchestra
725 975 807 1016 sive
827 974 996 1015 conistra
1028 973 1175 1025 (Suid.
1198 974 1412 1026 κονίστρα·
1432 965 1657 1012 τούτεστιν

139 1045 190 1087 τὸ
219 1043 333 1087 κάτω
361 1039 526 1101 ἔδαφος
554 1044 633 1087 τοῦ
659 1041 881 1098 θεάτρου),
911 1044 953 1084 111
983 1054 1059 1096 qua
1088 1054 1160 1095 per
1194 1042 1314 1083 scalas
1344 1039 1658 1082 adscendebatur

139 1114 184 1155 in
210 1114 407 1168 pulpitum
436 1115 486 1155 ad
505 1114 715 1155 chororum
745 1127 859 1155 usum
889 1117 1129 1154 exstructum
1158 1111 1399 1164 (thymelen),
1429 1110 1535 1164 quod
1563 1108 1653 1162 pul-

142 1183 271 1237 pitum
310 1189 350 1225 et
386 1184 516 1238 ipsum
554 1184 744 1225 scalarum
784 1196 856 1236 ope
893 1195 983 1224 cum
1013 1181 1245 1235 proscaenio
1275 1186 1358 1221 erat
1388 1180 1655 1222 coniunctum.

144 1253 284 1302 (Poll.
321 1253 462 1294 Onom.
499 1253 562 1293 lv.
602 1252 694 1292 127.
724 1253 894 1292 Athen.
924 1252 1128 1292 Mechan.
1168 1251 1228 1291 ed.
1261 1250 1379 1290 Paris.
1419 1263 1458 1303 p.
1490 1249 1546 1299 8.)
1606 1247 1657 1288 Et

146 1321 190 1362 in
218 1322 294 1362 hoc
323 1322 481 1375 quidem
512 1322 662 1375 pulpito
700 1322 817 1375 plano
848 1327 886 1362 et
915 1334 1035 1362 vacuo
1066 1333 1195 1374 neque
1226 1333 1291 1361 ara
1320 1333 1451 1373 neque
1478 1319 1552 1360 alia
1581 1318 1660 1358 ulla

145 1403 191 1431 re
218 1390 407 1444 impedito
442 1396 482 1431 et
517 1392 726 1431 choreutae
756 1390 904 1444 optime
934 1395 1115 1443 poterant
1143 1390 1317 1443 disponi,
1355 1388 1660 1440 artificiosasque

144 1458 322 1500 saltando
341 1464 496 1501 nectere
524 1460 678 1512 figuras,
711 1465 751 1500 et
780 1459 971 1506 tibicines,
1001 1460 1070 1512 qui
1090 1472 1180 1499 cum
1210 1459 1340 1499 choris
1370 1454 1659 1507 incedebant³)‚

144 1527 337 1569 moderari
372 1529 598 1570 saltantium
629 1534 785 1577 cantus,
823 1535 863 1569 et
892 1528 1223 1581 rhabdophori⁴)‚
1261 1528 1327 1581 qui
1357 1526 1514 1581 publice
1542 1537 1659 1579 prae-

133 1603 258 1646 erant
301 1598 427 1638 ordini
466 1599 679 1646 servando,
722 1598 775 1639 ita
818 1597 1018 1645 collocari,
1062 1603 1107 1638 ut
1149 1597 1256 1639 nullo
1299 1597 1419 1638 modo
1456 1595 1664 1637 turbarent

146 1666 311 1708 chorum
340 1667 542 1720 totiusque
571 1667 725 1708 fabulae
745 1667 1026 1721 peractionem.

259 1735 418 1777 Sublata
448 1743 599 1785 autem,
636 1749 735 1790 quae
770 1741 878 1777 tanto
921 1748 1041 1790 opere
1074 1736 1310 1789 interpretes
1342 1734 1544 1783 cruciavit,
1583 1746 1660 1783 ara,

243 1889 270 1931 ¹)
293 1889 496 1922 Accuratius
518 1889 600 1921 11300
626 1888 737 1922 omnia
759 1888 902 1932 exposui
926 1888 1193 1922 Jahrbiicher
1216 1886 1282 1921 fiir
1306 1886 1661 1928 Philologie1847.

151 1947 221 1981 vol.
244 1949 297 1982 51.
322 1958 352 1991 p.
378 1947 420 1980 22
445 1957 515 1991 sqq.
564 1945 734 1988 [Scaenica
758 1957 789 1990 p.
814 1946 856 1979 85
881 1946 964 1990 sqq.]

240 2004 268 2047 ²)
292 2003 342 2038 Cf.
355 2016 387 2048 p.
403 2004 477 2037 172.
490 2003 569 2037 Not.
585 2004 616 2036 6.
642 2003 815 2047 Duplicem
832 2014 966 2038 sensum
982 2004 1125 2037 indicat:
1146 2003 1247 2037 Poll.
1270 2003 1385 2036 Onom.
1406 2001 1462 2038 lv.
1484 2002 1559 2036 123.
1582 1998 1606 2044 ἡ
1627 2000 1665 2035 δὲ

152 2057 338 2109 ὀρχήστρα
351 2063 413 2095 τοῦ
423 2060 556 2107 χοροῦ,
572 2061 613 2096 ἐν
629 2051 652 2108 ἧ
667 2061 726 2094 καὶ
744 2058 765 2104 ἡ
781 2062 930 2106 θυμέλη,
946 2063 1030 2096 εἴτε
1045 2062 1131 2107 βῆμ
1144 2058 1166 2095 ά
1188 2073 1230 2095 τι
1253 2056 1301 2094 οὗ
1313 2070 1380 2103 σα,
1397 2061 1487 2094 εἴτε
1502 2057 1624 2103 βωμό
1636 2070 1662 2096 ς.

152 2119 202 2154 cf.
220 2119 347 2153 Jahrb
358 2120 488 2152 iicher
504 2118 575 2153 fiir
590 2118 838 2161 Philologie
854 2120 936 2152 und
952 2118 1192 2162 padagogik
1208 2130 1237 2163 p.
1256 2119 1309 2152 32.
1326 2118 1384 2151 ubi
1403 2118 1535 2151 omuino
1550 2117 1601 2150 sic
1618 2117 1659 2150 de

153 2178 301 2223 thymele
326 2177 537 2210 statuendum
554 2187 630 2210 esse
651 2176 818 2209 iudicavi:
844 2176 1029 2221 „Thymele
1046 2187 1118 2210 war
1134 2178 1170 2210 in
1186 2177 1249 2210 den
1265 2176 1442 2218 Anfangen
1458 2177 1518 2208 der
1536 2176 1666 2208 drama-

151 2236 282 2269 tischen
307 2233 418 2268 Runst
441 2235 495 2268 ein
519 2234 618 2267 Altar
642 2234 700 2267 des
724 2234 893 2279 Dionysos
909 2235 944 2268 in
960 2235 1021 2268 der
1045 2235 1237 2276 Orchestra,
1263 2246 1316 2268 um
1334 2234 1484 2267 welchen
1501 2234 1561 2266 der
1577 2233 1667 2266 Cbor

153 2294 228 2327 sich
260 2293 422 2335 bewegte.
483 2292 688 2325 Allm'a‘hlich
721 2311 765 2315 —
799 2293 1020 2326 verschwand
1066 2293 1125 2325 der
1161 2291 1355 2336 Opferaltar
1400 2303 1460 2324 aus
1503 2291 1562 2323 der
1601 2289 1668 2332 [fiir

152 2351 216 2385 den
252 2350 498 2384 dramatischen
535 2349 623 2383 chor
660 2350 882 2392 bestimmten]
919 2350 1122 2392 Orchestra3
1154 2351 1212 2383 der
1247 2350 1351 2384 Name
1387 2349 1549 2394 Thymele
1586 2349 1668 2381 aber

152 2408 243 2442 hlieb
267 2419 328 2441 zur
351 2408 585 2449 Bezeichnung
608 2409 666 2441 des
691 2407 870 2449 Geriistes,
900 2407 960 2441 auf
979 2408 1138 2441 welchem
1163 2409 1223 2441 der
1247 2408 1348 2441 Altar
1371 2408 1576 2450 gestauden,
1601 2407 1668 2438 und

152 2465 213 2500 anf
243 2466 403 2499 welchem
439 2467 523 2498 nach
565 2466 631 2498 wie
671 2475 734 2498 vor
780 2465 839 2498 der
874 2465 963 2498 Chor
1003 2466 1098 2499 scine
1133 2466 1245 2498 Tanze
1286 2465 1465 2498 auffiihrte.
1524 2464 1669 2497 Endlich

153 2523 313 2557 brauchte
336 2534 411 2559 man
436 2524 495 2556 das
521 2522 624 2556 Wort
649 2522 834 2566 iiberhaupt
856 2521 911 2555 fiir
930 2522 1027 2564 jedes
1053 2522 1193 2564 Geriist,
1225 2522 1428 2555 namentlich
1459 2520 1515 2554 fiir
1544 2522 1597 2554 die
1627 2532 1668 2554 zu

155 2580 415 2615 musikalischcn
439 2581 520 2614 oder
544 2580 789 2614 dramatischen
814 2579 1064 2623 Aufl‘iihrnngen
1087 2580 1281 2621 benutzten‚
1305 2581 1421 2612 woher
1437 2589 1473 2612 05
1490 2579 1574 2622 kam,
1592 2579 1668 2611 dass

157 2636 200 2670 im
224 2633 409 2672 romischen
433 2638 596 2680 Theater,
612 2636 614 2639 ’
633 2639 666 2671 111
691 2638 852 2671 welchem
876 2638 930 2671 die
954 2638 1138 2672 Orchestra
1162 2638 1224 2671 den
1250 2638 1435 2670 Senatoren
1460 2637 1670 2678 eingertiumt

157 2695 294 2728 worden
317 2706 388 2729 wax·
411 2697 478 2729 und
502 2697 593 2730 scine
617 2695 754 2729 friihere
778 2696 1003 2739 Bestimmuug
1037 2707 1122 2739 ganz
1146 2696 1305 2729 verloren
1334 2697 1447 2738 hatte,
1483 2695 1592 2728 selbst
1614 2694 1669 2727 die

158 2750 264 2784 Scene
285 2752 347 2786 nit
369 2753 442 2786 dem
464 2752 591 2787 Numen
614 2754 827 2797 „Thymele“
850 2754 1047 2788 bezeichnet
1071 2754 1223 2786 wurde.“

248 2806 278 2850 ⁸)
301 2809 437 2843 SchoL
462 2811 672 2855 Aristoph.
698 2810 836 2845 Nubes
861 2812 936 2846 311.
965 2805 1213 2846 εὐκελάδων
1241 2822 1282 2845 τε
1306 2809 1463 2855 χορῶν
1484 2809 1489 2853 Ι
1511 2803 1670 2854 προσηύ-

158 2864 245 2900 λουν
271 2863 340 2913 γὰρ
368 2869 464 2904 τοῖς
491 2872 725 2915 τραγικοῖς
755 2869 816 2902 καὶ
846 2871 939 2907 τοῖς
968 2871 1197 2912 κωμικοῖς,
1220 2866 1403 2911 ἐπηὺλουν
1426 2866 1463 2901 δὲ
1488 2878 1670 2912 προηγου-

158 2923 275 2968 μένως
297 2925 372 2962 τοῖς
392 2926 548 2963 κυκλίοις
566 2928 731 2974 χοροῖς.
778 2926 917 2960 schol.
942 2927 1079 2960 Arist.
1106 2926 1196 2960 Pac.
1222 2927 1299 2960 530.
1416 2924 1445 2967 4)
1471 2924 1512 2958 cf.
1538 2935 1567 2968 p.
1595 2925 1670 2959 160.

195 2991 223 3019 J.
242 2991 466 3026 Sommerbrodt,
486 2993 630 3022 Scaenica.
1390 2984 1430 3018 ll
