2014 3204
166 406 282 460 gotiis
313 418 402 446 sum
443 405 673 452 distractus,
719 417 740 444 a
775 403 995 443 litterarum
1040 404 1149 443 cultu
1191 403 1266 443 illis
1311 402 1458 442 mirum
1502 408 1695 455 quantum

165 466 315 522 alienis,
345 480 390 514 ut
408 473 617 526 perpaucis
638 477 793 513 tantum
825 472 935 512 horis
955 472 1159 512 subsicivis
1190 471 1250 511 his
1272 471 1492 512 studiorum
1514 483 1695 512 meorum

165 535 323 584 deliciis
350 555 486 582 vacare
515 543 641 582 liceat.
700 541 778 582 Sed
817 545 971 587 tamen,
1017 541 1122 593 quod
1169 553 1212 580 ea
1258 540 1447 591 religione
1490 539 1697 592 scripsisse

165 611 264 651 mihi
295 610 449 658 videor,
482 615 526 650 ut
555 609 665 662 quasi
695 610 814 662 digito
846 616 1124 654 monstrarem,
1157 620 1255 660 quae
1286 612 1390 647 certa
1421 611 1566 653 essent,
1597 618 1696 658 quae

162 679 325 726 incerta,
357 678 657 731 quaerohscura
678 678 893 718 aliorumve
923 678 1096 718 virorum
1121 677 1296 716 acumini
1315 675 1587 728 relinquenda,
1619 675 1696 715 hoc

107 772 110 774 v
164 747 563 801 quantulumcunque
594 758 727 786 meum
759 747 994 799 opusculum
1026 746 1073 785 iis
1104 745 1429 785 commendatum
1460 757 1546 783 esse
1591 744 1694 790 volo,

164 815 244 869 qui,
274 828 392 868 quam
423 814 543 854 ardua
574 814 695 854 sitin
735 815 809 854 hac
855 826 898 853 re
944 813 1188 865 disquisitio,
1233 826 1315 853 non
1359 813 1591 864 ignorantes
1637 812 1696 852 vel

163 883 374 924 minimum
404 884 623 924 litterarum
664 882 955 923 incrementum
985 883 1234 934 gratulentur
1270 888 1386 934 atque
1424 880 1694 921 contentionis

163 951 388 1004 gloriaeque
418 951 549 990 minus
583 951 713 1003 cupidi
743 963 862 1004 quam
894 951 1066 990 veritatis
1097 951 1250 990 nescire
1281 963 1323 990 se
1354 950 1495 989 malint
1523 950 1695 1000 ingenue

162 1019 289 1065 fateri,
319 1032 437 1072 quam
459 1031 557 1059 vana
587 1020 902 1060 coniecturarum
926 1020 1054 1072 specie
1084 1026 1123 1059 et
1152 1019 1250 1059 alios
1270 1024 1310 1058 et
1340 1031 1425 1058 sese
1444 1018 1517 1070 ipsi
1548 1018 1693 1058 fallere.

276 1088 352 1135 Qui
382 1088 543 1140 quidem
573 1088 606 1127 si
638 1094 705 1127 aut
734 1087 1026 1140 improbantes,
1058 1100 1159 1139 quae
1190 1086 1344 1138 scripsi,
1384 1087 1694 1134 emendaverint,

162 1161 232 1197 aut
258 1156 475 1209 probantes
507 1157 847 1201 confirmaverint,
889 1156 1132 1207 omninoque
1166 1168 1257 1195 suas
1297 1155 1399 1194 vires
1439 1155 1695 1195 adiuuxerint

161 1225 211 1265 ad
230 1225 502 1265 illustrandam
524 1225 638 1271 hanc,
670 1238 770 1277 quae
800 1225 929 1265 adhuc
957 1224 1034 1264 situ
1065 1237 1109 1263 ac
1128 1223 1312 1276 squalore
1350 1223 1473 1263 obsita
1505 1230 1587 1272 est,
1618 1236 1694 1264 an-

161 1292 357 1346 tiquitatis
386 1298 555 1346 partem,
586 1293 629 1332 in
660 1305 803 1345 magno
835 1293 929 1333 illud
967 1293 1163 1345 deputabo
1194 1293 1317 1332 lucro.
1376 1293 1459 1332 Hoc
1488 1298 1618 1332 autem
1650 1292 1692 1332 iu

162 1351 331 1402 suffimis
360 1362 485 1402 habeo
516 1363 636 1410 votis,
670 1368 714 1402 ut
744 1363 882 1402 existat
911 1362 1124 1414 aliquando
1164 1361 1223 1400 vir
1258 1361 1478 1400 litterarum
1516 1361 1693 1401 doctrina

163 1430 388 1482 artiumque
419 1430 583 1470 scientia
614 1431 863 1483 conspicuus,
900 1430 968 1482 qui
998 1430 1038 1469 in
1069 1430 1142 1469 hac
1170 1434 1279 1468 tanta
1315 1441 1449 1468 rerum
1495 1429 1694 1477 varietate,

162 1498 398 1538 consociatis
430 1499 625 1547 omnium,
656 1500 724 1551 qui
744 1500 800 1539 rei
831 1500 1032 1539 scaenicae
1062 1511 1222 1550 operam
1256 1499 1347 1537 dare
1377 1497 1510 1544 velint,
1541 1497 1694 1544 studiis,

160 1566 331 1607 indicata
361 1568 530 1619 quadam
561 1573 667 1609 certa
697 1568 756 1608 via
786 1574 826 1608 et
854 1568 1028 1615 ratione,
1065 1568 1286 1608 distributis
1316 1567 1398 1607 suis
1429 1567 1571 1620 cuique
1600 1580 1691 1619 par-

160 1634 279 1682 tibus,
309 1634 555 1687 singulorum
587 1649 706 1688 opera
736 1636 777 1676 in
808 1648 933 1677 unum
964 1650 1108 1689 corpus
1139 1637 1345 1688 redigendi
1377 1648 1525 1676 munus
1560 1635 1604 1674 in
1649 1648 1692 1675 se

162 1702 350 1755 suscipiat
360 1703 402 1751 ¹).

256 1833 298 1873 [¹)
323 1831 526 1876 Quamquam
551 1834 613 1866 hoc
637 1834 768 1876 quidem
792 1832 923 1866 frustra
954 1833 1082 1876 optavi,
1107 1837 1217 1865 tamen
1244 1843 1317 1865 cum
1341 1831 1402 1864 alii
1427 1831 1525 1864 multi
1549 1830 1626 1863 inde
1652 1830 1693 1863 ab

164 1889 226 1923 illo
259 1894 411 1932 tempore
441 1894 511 1922 tum
536 1889 733 1923 Fridericus
765 1890 941 1923 Wieseler
967 1891 1133 1931 insignem
1156 1890 1211 1922 his
1237 1889 1362 1922 studiis
1390 1898 1526 1931 operam
1552 1887 1695 1921 navavit

164 1945 294 1978 duobus
318 1946 473 1989 inprimis
497 1947 614 1979 libris:
639 1947 939 1989 Theatergeb'aude
964 1948 1030 1979 und
1047 1947 1252 1980 Denkmiiler
1275 1947 1333 1979 des
1350 1947 1622 1978 Biihnenwesens
1640 1944 1694 1977 hei

162 2003 227 2036 den
241 2002 407 2036 Griechen
433 2004 498 2036 und
515 2003 672 2037 Riimern.
714 2003 899 2045 Gottingen
927 2003 1025 2038 1851.
1052 2009 1087 2037 et
1123 2004 1211 2046 „Das
1243 2003 1456 2045 griechische
1471 2002 1640 2035 Theater“
1658 2001 1693 2033 iu

161 2059 438 2103 „Encyclopa'die
455 2061 516 2093 der
531 2059 824 2094 wissenschaften
851 2073 917 2095 von
935 2061 1041 2094 Ersch
1060 2061 1125 2093 und
1143 2061 1343 2094 Gruber““.
1376 2061 1468 2094 Sect.
1485 2060 1508 2093 I.
1525 2069 1616 2103 pars.
1637 2059 1691 2092 83.

162 2126 238 2160 pag.
257 2117 446 2151 159—256.
482 2117 532 2151 Cf.
550 2118 662 2152 Julius
679 2118 943 2161 Sommerbrodt,
968 2119 1028 2151 das
1045 2118 1310 2160 altgrieehische
1326 2118 1485 2151 Theater.
1523 2117 1694 2158 stuttgart

165 2174 266 2209 1865.
290 2186 320 2218 p.
348 2175 508 2217 78—80.]
