2014 3204
785 229 1097 269 —131—

675 384 870 425 Scaena
901 380 1237 434 (aedificium).

603 476 796 516 Scaena
826 474 1024 527 (paries)
1055 473 1280 514 ductilis.

297 567 596 620 parascaenium
915 624 918 625 γ
1299 563 1598 615 parascaenium

424 673 457 700 s.
1442 669 1473 695 s.

282 750 373 792 ἄνω
404 748 603 804 πάροδος
814 780 1093 821 proscaenium
1316 746 1407 787 ἄνω
1439 745 1638 801 πάροδος

354 808 529 858 (aditus).
1398 804 1576 852 (aditus).

931 875 965 902 s.

741 942 897 993 logeum
930 937 1148 993 (ὀκρίβας)

340 1017 383 1049 Ψ
1522 1007 1562 1058 ζ’

355 1049 403 1113 22,
1505 1056 1540 1094 a

384 1108 416 1141 Φ
1476 1094 1523 1149 s

326 1135 426 1172 *ΟΦ
1470 1146 1567 1174 φῶ

352 1170 452 1207 ⁹2⁴³·
1455 1167 1555 1201 &xz

372 1203 499 1264 ᾗῇ.
1431 1205 1534 1250 &S

393 1249 511 1319 3:³03·
1392 1241 1516 1309 -φὶὲ

454 1372 569 1447 300
1352 1367 1456 1433 *⁹⁴5⁴

485 1428 598 1498 32,-
1318 1429 1429 1487 ss

579 1496 620 1534 ⁰2
1293 1484 1339 1546 ἕ

596 1531 634 1574 a
1269 1540 1309 1576 z

303 1647 355 1687 Et
384 1648 432 1687 de
462 1646 638 1687 aedificio
668 1645 827 1697 quidem
857 1644 923 1684 illo
951 1644 993 1683 in
1030 1644 1192 1684 tentorii
1234 1642 1416 1699 (σκηνή),
1463 1646 1570 1698 qnod
1613 1645 1720 1685 anti—

190 1716 326 1769 quitus
357 1717 497 1759 suerat.
526 1715 656 1755 locum
686 1727 735 1754 ex
763 1713 891 1766 lapide
922 1718 1123 1753 exstructo
1153 1713 1250 1752 nihil
1281 1719 1352 1759 est,
1389 1713 1495 1766 quod
1527 1713 1605 1753 hoc
1632 1714 1718 1753 loco

191 1785 418 1835 dicamus¹).
476 1783 567 1823 Non
598 1783 702 1823 enim
733 1782 944 1834 apparebat
978 1781 1019 1821 in
1050 1781 1192 1821 fabulis
1222 1780 1422 1828 docendis,
1468 1780 1538 1820 sed
1569 1785 1719 1820 tectum

193 1857 277 1893 erat
306 1852 454 1904 pariete
484 1851 631 1896 ductili,
661 1851 702 1890 in
732 1862 810 1902 quo
841 1849 997 1890 aedium
1027 1850 1087 1889 vel
1116 1849 1315 1901 regiarum
1360 1848 1422 1889 vel
1466 1848 1719 1900 privatarum,

193 1933 393 1966 saxorum,
438 1931 709 1965 cavernarum,
738 1918 994 1970 templorum,
1026 1918 1197 1970 denique
1228 1918 1408 1957 omnium
1441 1930 1582 1957 eorum
1611 1917 1719 1956 loco-

192 2000 282 2030 rum
311 1988 429 2027 facies
474 1992 558 2027 erat
602 1986 766 2039 depicta,
810 1986 880 2026 ubi
922 1986 1075 2026 fabulae
1119 1985 1386 2037 agebantu1·2).
1445 1985 1560 2024 Hunc
1589 1989 1720 2024 autem

194 2057 382 2110 parictem
414 2055 577 2108 pictum,
608 2068 629 2094 e
660 2055 819 2105 regione
850 2059 1116 2107 spectatorum
1148 2054 1282 2101 situm,
1328 2058 1370 2093 et
1411 2053 1543 2105 ipsum
1573 2064 1720 2093 nomen

194 2125 377 2165 hahuisse
418 2135 596 2171 scaenae,
642 2129 682 2163 et
723 2129 934 2176 propterea
978 2134 1158 2163 scaenam
1202 2120 1436 2172 tragoediae,
1481 2119 1722 2166 comoediae,

195 2193 362 2246 satyrico
393 2193 683 2233 accomodatam
711 2198 888 2232 vocatam
919 2191 1041 2231 fuisse
1084 2190 1284 2242 tragicam,
1332 2189 1536 2235 comicam,
1581 2187 1723 2239 satyri-

196 2274 293 2309 cam,
323 2273 442 2313 supra
474 2260 692 2300 accuratius
723 2259 1048 2312 explicavimuff).
1111 2259 1267 2304 Restat,
1297 2263 1342 2297 ut
1373 2270 1474 2309 quae
1518 2261 1721 2309 praeterea

195 2330 243 2369 de
272 2330 348 2369 hoc
375 2330 525 2381 pariete
553 2333 709 2368 enarrat
738 2328 937 2375 Pollux,
968 2328 1076 2367 solus
1104 2327 1187 2366 fere
1217 2331 1373 2379 praeter
1401 2326 1619 2365 Vitruvium
1651 2325 1720 2364 ha·

195 2410 284 2438 rum
314 2410 450 2438 rerum
481 2398 607 2444 testis,
639 2396 932 2448 diligentissime
962 2395 1271 2436 consideremus.
1331 2395 1434 2434 Sunt
1462 2400 1595 2434 autem
1624 2394 1722 2433 haec

197 2466 282 2506 eius
310 2465 427 2506 verba
456 2466 517 2505 IV.
553 2464 646 2505 124.
676 2465 808 2518 τριῶν
854 2463 905 2504 δὲ
934 2464 1019 2504 τῶν
1048 2462 1159 2504 κατὰ
1200 2462 1278 2517 τήν
1323 2460 1484 2517 σκηνὴν
1512 2462 1666 2515 θυρῶν
1695 2458 1722 2514 ἦ

146 2542 152 2547 “
198 2534 308 2588 μέση
338 2532 419 2587 μὲν
447 2532 671 2586 βασίλειον
700 2535 755 2583 (in
784 2532 995 2586 tragoedia)
1034 2530 1061 2586 ἢ
1091 2529 1314 2586 σπήλαιον
1343 2533 1399 2581 (in
1444 2532 1616 2570 dramate
1659 2541 1724 2569 sa-

295 2659 321 2701 ι)
345 2659 394 2692 Cf.
422 2671 453 2704 p.
480 2661 556 2693 128.
577 2660 651 2694 129.

183 2714 206 2769 ὶ
292 2717 323 2755 ²)
345 2717 436 2750 Satis
460 2727 613 2759 magnum
637 2716 744 2750 fuisse
770 2717 915 2760 spatium
939 2717 1032 2750 inter
1056 2717 1245 2749 aedificium
1271 2715 1357 2748 illud
1383 2719 1418 2746 et
1442 2724 1614 2756 scaenam,
1639 2722 1722 2756 quac

203 2779 345 2808 vocatur
368 2775 524 2816 ductilis,
549 2785 592 2807 ex
617 2775 845 2807 machinarum
869 2785 950 2815 usu,
989 2778 1150 2805 exostme
1187 2773 1342 2816 inprimis
1378 2772 1435 2804 vel
1472 2771 1724 2813 eecyclematis,

203 2832 351 2873 intelligi
373 2837 496 2875 potest.
521 2830 571 2864 Cf.
597 2833 637 2863 A.
662 2831 719 2863 W.
745 2831 832 2863 Sch
850 2831 894 2863 le
911 2831 985 2871 gel
1010 2831 1032 2862 l.
1059 2831 1081 2862 l.
1108 2841 1138 2872 p.
1165 2830 1240 2862 285.

293 2887 322 2929 ³)
346 2887 396 2922 Cf.
421 2899 451 2932 p.
479 2889 552 2922 118.

1467 2941 1509 2976 9*
