2014 3204
809 224 1117 282 -211-2-

205 361 410 403 hominum
442 373 574 402 mores
603 360 803 400 imitantes
832 359 879 400 ab
908 360 1074 412 agendo,
1105 359 1146 400 in
1176 372 1253 412 quo
1276 359 1368 399 artis
1390 358 1506 398 cardo
1528 364 1719 405 versatur,

205 431 385 484 appellati
413 437 507 472 sunt
536 436 700 471 actores.
873 474 877 476 ,

319 501 400 540 lam
430 514 522 541 vero
552 505 595 540 ut
624 500 818 540 actionem
850 499 982 538 Cicero
1011 504 1118 539 recte
1148 505 1350 552 comparat
1379 513 1469 540 cum
1498 500 1721 553 eloquentia

207 582 370 622 eamque
398 570 572 622 corporis
602 574 711 609 vocat
741 567 1053 622 eloquentiam¹)‚
1107 568 1163 608 sic
1192 568 1356 608 actionis
1385 569 1449 609 illa
1478 570 1550 609 tria
1568 600 1578 617 ,
1623 582 1721 622 quae

207 639 390 687 diximus,
420 651 562 691 genera
583 651 672 678 cum
696 637 940 690 eloquentiae
961 637 1087 677 tribus
1107 637 1182 677 illis
1202 637 1455 690 generibus2)
1488 650 1570 678 non
1591 638 1722 691 inepte

207 713 376 760 possunt
406 708 588 755 conferri,
619 720 708 747 cum
739 707 847 747 tenui
875 706 1030 746 dicendi
1066 719 1209 758 genere
1238 707 1346 760 epica
1377 707 1490 755 actio,
1524 720 1623 760 quae
1655 720 1720 747 so-

208 777 290 816 lum
321 776 458 817 doceat
487 776 579 829 quid
611 777 662 816 sit
691 775 799 820 illud,
829 775 935 828 quod
965 782 1115 828 agatur,
1147 788 1236 815 cum
1268 776 1397 816 medio
1429 776 1579 825 melica,
1623 789 1723 829 quae

208 845 422 898 efl‘mgenda
438 858 644 886 sensorum
662 845 846 884 varietate
864 850 903 884 et
928 845 1089 884 veritate
1110 845 1291 892 delectet,
1314 845 1534 893 dramatica,
1556 845 1723 885 maxime

207 915 364 968 tragica,
392 927 482 955 cum
511 914 658 967 grandi,
688 927 788 967 quae
818 926 900 953 non
930 914 1058 954 solum
1088 915 1225 954 doceat
1251 920 1290 954 et
1311 914 1487 962 delectet,
1517 915 1584 955 sed
1606 915 1724 955 etiam

207 984 338 1024 flectat
356 984 615 1038 spectantium
633 983 785 1023 animos
810 988 848 1023 et
870 982 911 1022 in
927 995 1019 1023 suas
1033 990 1163 1036 partes
1180 983 1354 1036 abripiat.
1385 985 1513 1037 Atque
1533 985 1724 1038 quemad-

207 1053 371 1094 modum
400 1065 481 1093 non
510 1058 640 1106 potest
670 1053 862 1093 delectare
900 1052 934 1092 is
966 1058 1117 1101 orator,
1163 1053 1230 1105 qui
1272 1065 1354 1093 non
1393 1053 1501 1093 idem
1542 1055 1643 1095 clare
1688 1059 1727 1095 et

207 1123 412 1176 perspicue
442 1123 591 1170 doceat,
637 1134 717 1162 non
746 1127 877 1174 potest
906 1123 1061 1162 flectere
1091 1122 1246 1162 animos
1277 1123 1498 1171 hominum,
1544 1124 1611 1176 qui
1641 1136 1724 1164 non

209 1197 249 1232 et
276 1192 445 1244 probare
476 1204 587 1231 suam
618 1203 700 1231 rem
732 1191 858 1243 possit
888 1197 926 1231 et
957 1191 1220 1231 oblectatione
1251 1191 1328 1231 sibi
1358 1191 1570 1232 conciliare
1613 1193 1725 1233 audi—

210 1266 332 1307 enteS,
361 1261 416 1301 sic
444 1261 582 1301 histrio
612 1259 653 1299 in
672 1260 870 1310 tragoedia
893 1261 1140 1300 comoediave
1160 1273 1242 1300 non
1261 1266 1391 1313 potest
1410 1260 1537 1301 valere
1559 1262 1724 1309 actione,

210 1328 284 1369 nisi
313 1329 347 1368 si
376 1335 415 1369 et
445 1329 577 1381 epicae
608 1334 647 1368 et
676 1329 816 1380 lyricae
844 1328 1022 1376 actionis,
1054 1328 1194 1381 quibus
1224 1334 1426 1381 tamquam
1456 1336 1726 1382 superstructa

211 1399 272 1437 est
299 1397 421 1450 ipsius
451 1410 524 1445 ars,
555 1398 605 1437 sit
627 1397 899 1450 peritissimus,
931 1404 970 1437 et
990 1397 1082 1450 quid
1105 1410 1317 1438 commune
1339 1397 1390 1437 sit
1411 1398 1603 1447 omnium,
1633 1399 1728 1452 quid

209 1466 411 1520 proprium
446 1467 704 1518 singularum,
733 1467 1028 1506 accuratissime
1057 1466 1199 1507 habeat
1228 1472 1490 1519 perspectum.

323 1534 431 1583 Quae
462 1547 550 1574 cum
582 1535 635 1574 ita
666 1535 755 1582 sint,
785 1535 1013 1588 priusquam
1046 1537 1094 1575 de
1123 1536 1334 1576 dramatica
1368 1536 1532 1584 actione,
1570 1537 1651 1577 sive
1681 1538 1730 1577 de

209 1603 443 1643 histrionum
490 1609 572 1643 arte
618 1617 874 1656 exponamuS,
920 1605 1050 1657 epicae
1086 1605 1307 1658 lyricaeque
1343 1605 1509 1646 actionis
1540 1612 1724 1658 tanquam

210 1673 444 1713 lineamenta
477 1673 698 1713 describere
727 1686 828 1725 opus
865 1679 935 1713 est.
986 1673 1099 1721 Quod
1131 1685 1180 1713 ne
1201 1673 1318 1715 nimis
1339 1675 1516 1726 religiose
1545 1675 1730 1728 putideve

209 1743 336 1781 facere
366 1741 580 1787 videamur,
625 1741 701 1780 hoc
730 1741 851 1793 probe
881 1743 1201 1789 tenendum-est,
1231 1744 1348 1795 longe
1375 1743 1419 1783 in
1447 1744 1519 1784 hac
1547 1757 1590 1784 re
1620 1750 1731 1785 vete-

169 1840 173 1844 .
210 1822 300 1850 rum
329 1809 470 1850 iudicia
502 1822 522 1849 a
564 1816 789 1850 nostrorum
833 1811 1042 1851 hominum
1085 1812 1294 1852 sententiis
1341 1812 1573 1866 discrepare.
1634 1813 1732 1853 Nam

209 1884 362 1920 veteres
393 1879 564 1931 quidem,
597 1879 732 1919 Graeci
762 1880 1033 1932 potissimum,
1079 1880 1119 1920 in
1162 1881 1266 1921 nulla
1312 1886 1396 1921 arte
1438 1882 1525 1922 sine
1556 1882 1733 1923 doctrina

214 1946 427 2000 quidquam
458 1947 594 1999 profici
613 1948 701 1996 rati,
731 1938 968 2002 quamquam
990 1949 1216 1990 Aristoteles
1230 1949 1261 1999 3)
1282 1950 1323 1990 in
1343 1950 1604 1992 histrionibus
1625 1960 1732 1993 recte

214 2016 348 2055 statuit
377 2017 466 2069 plus
499 2017 624 2057 valere
655 2023 836 2057 naturam
868 2031 984 2071 quam
1007 2019 1239 2068 doctrinam,
1271 2026 1403 2060 tamen
1433 2033 1484 2060 ne
1515 2021 1616 2062 hanc
1645 2021 1733 2075 qui-

215 2086 302 2126 dem
334 2086 520 2126 leviorem
553 2093 678 2126 artem
709 2088 917 2127 voluerunt
947 2100 1078 2127 carere
1100 2087 1313 2140 disciplina,
1342 2089 1411 2129 scd
1433 2102 1591 2130 summo
1614 2104 1733 2144 opere

216 2154 522 2203 elaboraverunt,
553 2162 598 2196 ut
627 2162 807 2197 naturam
839 2156 1018 2196 doctrina
1049 2163 1242 2208 regerent,
1276 2158 1544 2206 emendarent,
1574 2166 1733 2201 susten—

215 2230 358 2264 tarent.
409 2225 541 2264 Nostri
573 2226 752 2265 homines
781 2226 824 2265 in
853 2226 926 2266 hac
957 2239 1033 2266 una
1064 2232 1146 2266 arte
1177 2226 1250 2266 soli
1281 2228 1411 2279 genio,
1442 2229 1571 2277 credo,
1602 2229 1735 2270 indul-

216 2293 386 2345 gendum
418 2307 502 2334 esse
534 2294 679 2347 opinati
710 2308 756 2335 eo
787 2294 863 2335 iam
897 2295 1146 2335 deduxerunt
1176 2307 1274 2344 rem,
1305 2303 1351 2337 ut
1381 2298 1487 2338 nulla
1516 2299 1634 2340 hodie
1664 2313 1733 2340 ex-

201 2369 294 2414 ,stet
322 2363 560 2403 histrionum
591 2359 651 2404 ars
690 2372 830 2417 utque,
875 2364 964 2404 licet
1008 2365 1150 2417 singuli
1179 2365 1219 2405 in
1251 2366 1415 2418 singulis
1445 2366 1583 2406 fabulis
1614 2366 1736 2418 magis

218 2432 350 2472 minus
378 2433 629 2473 inveniantur
658 2433 787 2473 idonei
819 2434 866 2474 ad
895 2434 1061 2474 tuendas
1082 2446 1177 2485 quas
1198 2442 1459 2488 susceperunt
1479 2442 1623 2488 partes,
1655 2442 1736 2476 tota

219 2502 406 2553 quaedam
435 2501 562 2542 fabula
585 2514 787 2555 nunquam
807 2502 888 2542 fere
917 2503 1004 2543 talis
1034 2503 1074 2542 in
1104 2516 1243 2544 scaena
1273 2504 1549 2557 conspiciatur,
1581 2505 1736 2559 qualem

221 2582 304 2610 eam
349 2577 463 2623 poeta
507 2578 546 2612 et
589 2571 719 2612 animo
764 2573 940 2625 concepit
985 2577 1023 2612 et
1066 2573 1298 2624 cogitatione
1342 2573 1580 2616 informavit.
1649 2573 1736 2622 Quo

223 2638 364 2680 factum
398 2649 468 2688 est,
498 2646 542 2680 ut
572 2642 675 2694 apud
709 2654 780 2681 nos
812 2642 970 2694 quidem
1002 2643 1149 2683 theatra
1181 2643 1257 2682 iam
1290 2642 1344 2683 nil
1373 2643 1483 2693 sint„
1512 2642 1589 2682 nisi
1619 2641 1736 2682 levis-

315 2738 341 2778 ¹)
364 2738 444 2770 Cic.
469 2738 628 2772 Orator
651 2751 678 2772 c.
708 2742 748 2774 17
772 2740 793 2783 ξ
817 2740 871 2774 55.

313 2795 343 2834 ²)
367 2795 448 2827 Cic.
474 2796 632 2830 Orator
657 2810 683 2830 c.
709 2800 730 2831 4
754 2797 774 2840 ξ
801 2799 854 2831 20.

316 2850 342 2891 ³)
368 2852 549 2886 Aristot.
574 2854 741 2888 Rhetor.
769 2856 821 2888 lli.
861 2857 889 2888 1.
936 2858 994 2889 καὶ
1032 2856 1102 2890 ἔστι
1139 2852 1282 2901 φύσεως
1315 2854 1355 2889 τὸ
1394 2854 1624 2900 ὑποκριτικὸν
1647 2854 1736 2890 εἶναι

224 2909 284 2941 καὶ
308 2906 552 2956 ἁτεχνότερον.

1460 2970 1520 3005 14*
