2014 3204
778 275 1058 316 *29—

152 377 278 430 fieret.
338 388 382 429 In
415 403 495 443 quo
524 395 679 431 tantum
709 392 821 432 abest
861 398 905 432 ut
949 393 1159 433 choreutae
1204 394 1246 433 in
1291 394 1463 447 thymele
1508 397 1685 437 collocati

74 514 77 516 ‚
149 456 279 500 fuisse
309 459 533 507 tradantur,
563 464 609 499 ut
637 459 698 499 de
716 460 809 499 solis
839 460 1127 513 rhabdophoris
1157 462 1209 501 sit
1236 475 1384 502 sermo.
1436 464 1507 504 Est
1536 471 1665 505 autem

264 528 424 568 S'c'hol.
457 527 515 567 ad
545 527 693 567 Arist.
724 527 827 567 Pac.
858 541 895 567 v.
926 529 1022 568 735.
1054 529 1115 579 (T.
1146 529 1175 568 1.
1205 543 1244 582 p.
1277 531 1359 570 680
1390 533 1452 571 ed.
1483 532 1683 583 Dindorf).

105 618 108 619 ⁷
179 595 306 650 Χρῆν
334 595 416 649 μὲν
443 593 628 636 τύπτειν
655 593 756 642 τοὺς
786 594 1074 649 ῥαβδούχους,
1107 598 1148 637 εἴ
1177 612 1244 644 τις
1274 598 1650 655 κωμῳδοποιητὴς

155 662 158 663 ’
177 660 312 705 αὑτὸν
340 658 496 721 ἐπῄνει
518 662 630 716 πρὸς
649 661 698 703 τὸ
720 663 915 717 θέατρον
942 664 1152 720 παραβὰς
1181 664 1229 706 ἒν
1247 672 1343 714 τοῖς
1373 663 1682 718 ἀναπαίστοις.

147 732 257 781 Quae
287 732 344 772 sic
370 733 656 784 interpretatur
684 730 915 772 scholiasta:

260 799 391 854 ἐχρῆν
408 798 508 852 μὲν,
530 801 571 839 εἴ
590 814 657 846 τις
686 798 1067 854 κωμῳδοποιητὴς
1097 798 1257 842 ἑαυτὸν
1289 798 1442 855 ἐπῄνει
1471 803 1682 857 παραβά-

259 879 329 909 σει
357 865 596 922 χρώμενος,
627 866 728 915 τοὺς
758 866 1030 921 ῥαβδούχους
1072 867 1265 917 ἐκείνους
1302 867 1485 911 τύπτειν
1529 870 1679 923 αὐτὸν,

261 933 320 984 ὥς
349 931 549 990 ἀπρεπές
576 951 619 975 τι
651 934 1076 990 μεταχειριζόμενον.
1107 963 1162 967 -
1194 933 1333 991 ἦσαν
1363 937 1418 978 δὲ
1463 938 1552 979 ἐπὶ
1597 942 1680 996 τῆς

257 1001 853 1058 θυμέληςραβδοφόροι
880 1006 1041 1052 τινὲς,
1065 1008 1119 1045 οἲ
1139 1006 1232 1059 τῆς
1249 1003 1545 1061 εὐκοσμίας
1568 1008 1680 1063 ἐμέ-

256 1072 413 1114 λοντο
434 1073 535 1113 τῶν
554 1072 782 1113 θεατῶν·
805 1070 831 1127 ἢ
852 1070 1186 1127 ῥαβδούχους
1206 1075 1330 1114 εἶπε
1350 1074 1471 1124 τοὺς
1491 1077 1679 1130 κριτοὲς

228 1143 348 1184 γτοῦ
378 1139 600 1193 ἀγῶνος,
631 1137 718 1188 οὓς
748 1138 771 1181 ὁ
803 1141 1032 1196 ποιητής
1062 1141 1398 1197 αἶσυμνήτας
1428 1143 1590 1198 εἷπεξν.

143 1210 208 1251 Cf.
241 1211 379 1251 Suid.
411 1224 447 1250 v.
478 1224 513 1250 v.
545 1202 865 1263 ῥαβδοῦχοι.
906 1211 1062 1250 Schol.
1085 1211 1273 1251 Platon.
1304 1224 1342 1263 p.
1365 1211 1431 1252 99.
1455 1215 1515 1254 ed.
1538 1215 1677 1255 Rhun-

144 1279 238 1329 ken.
298 1277 538 1333 ῥαβδοῦχοι
570 1275 726 1331 ἄνδρες
764 1279 838 1332 τῆς
882 1279 969 1318 τῶν
996 1277 1202 1333 θεάτρων
1242 1276 1478 1333 εὖκοσμὶας
1519 1281 1678 1336 ἐπιμε-

143 1345 364 1401 λούμενοι.

258 1415 361 1462 Quid
391 1412 543 1467 igitur?
602 1412 868 1455 Rhabduchos
898 1416 1004 1463 illos,
1045 1415 1188 1467 quibus
1233 1416 1462 1461 modestiae,
1507 1417 1675 1464 decoris,

142 1483 296 1524 ordinis
326 1484 368 1523 in
397 1484 560 1523 theatris
593 1485 730 1524 tuendi
760 1483 960 1535 provincia
990 1489 1050 1523 est
1086 1484 1341 1530 demandata,
1384 1497 1536 1524 numne
1579 1498 1673 1537 pro-

140 1551 271 1592 babile
303 1558 363 1592 est
393 1564 471 1591 una
502 1565 591 1591 cum
615 1553 816 1592 choi-eutis
847 1557 964 1603 atque
987 1552 1210 1591 tibicinibus
1240 1553 1279 1591 in
1301 1553 1430 1592 media
1462 1554 1677 1601 orchestra,

138 1620 181 1660 in
211 1620 407 1672 thymelae
436 1620 637 1671 gradibus,
669 1618 926 1661 constitisse?
972 1621 1058 1659 Non
1089 1620 1185 1659 mihi
1216 1621 1375 1672 quidem
1408 1621 1574 1668 videtur,
1605 1622 1672 1662 sed

138 1693 287 1735 tamen,
317 1701 409 1727 cum
439 1689 613 1728 nolimus
644 1696 822 1729 nostram
853 1689 1084 1741 opinionem
1115 1689 1157 1728 in
1188 1695 1367 1729 veterum
1399 1702 1484 1728 rem
1515 1690 1672 1729 scaeni-

141 1769 227 1796 cam
256 1756 416 1803 inferre,
462 1758 723 1798 concedamus
753 1758 860 1797 illud.
920 1758 1004 1797 Hoc
1035 1770 1145 1807 vero,
1192 1758 1225 1797 si
1270 1758 1362 1809 quid
1408 1758 1543 1803 video,
1588 1758 1674 1798 lieri

140 1825 308 1866 omnino
354 1839 434 1865 non
468 1827 628 1878 potuit,
672 1832 716 1865 ut
761 1838 852 1865 eum
883 1826 1012 1865 locum
1058 1832 1262 1873 tenerent,
1309 1838 1425 1878 quem
1458 1826 1671 1873 Geneffius,

139 1893 303 1940 Hirtius,
324 1894 549 1940 Muellerus,
580 1895 756 1945 neglecta
788 1894 932 1946 duplici
954 1894 1181 1934 orchestrae
1210 1894 1508 1945 significatione,
1540 1895 1580 1934 in
1612 1895 1672 1935 fa-

140 1961 244 2002 bulis
273 1975 432 2014 quoque
463 1963 625 2014 agendis
657 1962 849 2014 thymelae
880 1963 1194 2014 assignaverunt.
1253 1963 1349 2002 Nam
1395 1963 1428 2002 si
1473 1969 1584 2002 erant
1629 1963 1671 2002 in

142 2030 272 2069 media
303 2031 412 2070 chori
443 2030 645 2070 dramatici
670 2031 887 2076 orchestra,
917 2031 951 2070 si
983 2031 1126 2070 chorus
1148 2031 1249 2070 circa
1279 2031 1404 2082 ipsam
1426 2031 1545 2070 illam0
1561 2044 1670 2070 aram

138 2098 314 2146 saltabat,
336 2099 536 2151 quomodo
559 2099 610 2137 illi
634 2099 780 2150 publici
795 2099 946 2139 ordinis
969 2104 1168 2139 curatores
1190 2098 1324 2138 videre
1343 2104 1528 2151 poterant
1548 2112 1670 2151 quae-

139 2177 298 2218 cunque
327 2166 370 2205 in
390 2166 547 2206 theatro
570 2166 730 2213 fiebant,
760 2168 794 2206 si
824 2168 1022 2214 videbant,
1055 2168 1256 2219 quomodo
1278 2179 1457 2206 coercere
1488 2172 1671 2218 poterant

138 2239 408 2285 spectatorum
438 2234 574 2274 turbas
605 2235 670 2281 ita,
701 2241 747 2274 ut
776 2247 858 2275 non
888 2242 996 2275 totus
1026 2237 1254 2275 turbaretur
1285 2236 1442 2282 chorus,
1488 2241 1571 2274 tota
1612 2237 1671 2275 fa-

138 2299 261 2341 bula?
321 2302 392 2341 Sin
424 2315 529 2348 vero,
561 2308 605 2342 ut
634 2309 725 2343 ante
757 2304 1037 2356 exposuimus,
1082 2304 1301 2349 orchestra,
1347 2309 1392 2343 ut
1429 2303 1481 2342 ita
1527 2303 1668 2350 dicam,

138 2370 363 2417 dramatica‚
394 2359 525 2410 minor
555 2371 630 2418 illa,
661 2372 919 2411 discernenda
951 2377 1011 2411 est
1040 2384 1060 2411 a
1082 2371 1222 2411 maiori
1251 2372 1327 2418 illa,
1358 2372 1399 2410 in
1430 2384 1506 2423 qua
1539 2372 1670 2423 cyclici

139 2437 248 2478 chori
277 2439 493 2485 saltabant,
528 2444 645 2491 atque
678 2440 709 2478 si
741 2439 780 2478 in
813 2446 989 2479 extrema
1027 2440 1111 2479 eius
1157 2445 1268 2491 parte
1313 2440 1426 2491 quasi
1470 2440 1667 2479 terminus

138 2506 326 2546 collocata
357 2513 443 2546 erat
477 2507 660 2558 thymele,
692 2520 781 2547 cum
812 2508 908 2559 ipsis
938 2507 1229 2559 rhabdophoris
1259 2521 1400 2547 scaena
1422 2519 1503 2546 non
1535 2507 1668 2546 minus

139 2586 255 2626 quam
286 2574 484 2614 theatrum
516 2575 688 2627 patebat,
734 2581 820 2615 tum
850 2577 995 2615 chorus
1024 2588 1104 2615 non
1134 2588 1298 2628 prorsus
1335 2575 1540 2615 seiunctus
1586 2581 1668 2614 erat

138 2654 160 2682 a
189 2643 384 2695 thymelae
414 2643 534 2683 aditu.

252 2711 415 2751 Videtur
444 2717 574 2751 autem
606 2712 699 2751 illud
746 2711 922 2762 proxime
965 2723 985 2750 a
1031 2723 1123 2751 vero
1168 2710 1326 2757 abesse,
1371 2710 1411 2749 in
1456 2711 1666 2761 tragoediis

139 2778 297 2830 quidem
328 2785 396 2818 aut
426 2791 628 2831 nunquam
674 2785 741 2818 aut
780 2780 978 2818 rarissime
1024 2779 1187 2818 chorum
1219 2785 1349 2818 vetere
1389 2778 1451 2817 illa
1494 2779 1665 2830 thymele

137 2859 255 2886 usum
287 2859 385 2893 esse,
415 2859 546 2899 neque
576 2848 741 2886 omnino
771 2859 877 2887 aram
907 2848 1035 2894 illam,
1080 2860 1197 2898 quam
1230 2859 1369 2886 omnes
1400 2846 1547 2885 scirent
1577 2858 1664 2885 esse

137 2914 319 2966 Dionysi,
355 2926 427 2966 pro
471 2916 661 2967 cuiusque
690 2915 842 2955 fabulae
882 2922 1115 2966 argumento
1153 2915 1272 2954 modo
1312 2914 1500 2966 Apollinis
1545 2914 1664 2953 modo
