2014 3204
821 248 1072 288 m<7-

182 362 450 418 χορολέκτης,
479 361 735 416 χοροποιὸς,
758 360 1039 414 διδάσκαλος,
1062 359 1444 412 ὖποδιδάσκαλος,
1475 364 1713 419 χοροδιδά-

184 430 356 482 σκαλος,
366 428 662 487 δεξιοστάτης,
675 426 1053 485 ἇριστεροστάτης,
1067 428 1329 485 λαιοστάτης
1346 429 1656 487 [λαυροστάτης
1666 433 1712 484 ⁶21,

182 498 474 554 τριτοστάτης.
496 498 571 539 καὶ
586 498 664 553 τήν
678 505 866 549 γυναῖκα
887 497 936 539 δὲ
955 496 1230 550 τριτοστάτιν
1239 496 1558 555 Ἀριστοφάνης
1574 499 1708 542 καλεῖ.

295 569 474 616 Quorum
506 580 606 620 quae
636 567 858 607 luculenter
892 567 1104 607 stationem
1137 567 1365 618 designent,
1398 568 1471 607 alia
1503 569 1551 608 ad
1588 567 1709 620 ζυγὰ,

182 636 255 677 alia
283 637 332 676 ad
372 633 569 687 στοίχους
608 637 820 687 (versus)
852 636 1067 687 pertinere,
1106 635 1288 687 inprimis
1327 636 1450 687 probe
1491 628 1707 677 tenendum

113 700 117 703 ⁴
182 710 256 744 est.
314 705 441 744 Veluti
471 716 618 744 nomen
648 700 1022 757 ἆριστεροστατῶν
1052 704 1097 742 ad
1122 701 1324 754 στοιχούς
1350 705 1606 744 referendum
1629 712 1706 746 est.

182 772 417 814 certissimis
456 772 563 812 enim
601 771 837 811 testimoniis
876 771 1042 810 chorum
1080 771 1132 810 ita
1168 771 1210 810 in
1241 771 1483 811 orchestram
1514 774 1710 824 prodiisse

147 846 149 850 '
181 841 405 886 edocemur,
436 845 492 887 ut,
524 839 693 880 nisicubi
714 852 876 891 peregre
897 838 1165 887 adventaret1)
1189 839 1301 888 (Poll.
1325 839 1384 879 lv.
1411 840 1524 890 126),
1546 842 1706 883 sinister

180 920 358 948 versus
387 908 589 960 proximus
621 913 724 948 esset
754 907 1053 960 spectatoribus.
1114 907 1249 958 ltaque
1281 920 1419 948 omnes
1448 909 1551 948 illius
1573 923 1711 951 versus

181 976 391 1016 choreutas
422 973 692 1030 ἆριστεροστ.
724 982 884 1015 vocatos
915 987 1003 1014 esse
1032 980 1345 1015 consentaneum
1377 982 1448 1016 est.
1510 978 1586 1026 Qui
1617 992 1707 1018 cum

179 1044 298 1085 simul
335 1051 468 1085 essent
506 1045 681 1097 quinque
719 1044 901 1095 iugorum
939 1042 1080 1094 primi,
1125 1043 1244 1083 iidem
1284 1056 1432 1085 nomen
1470 1046 1707 1088 invenerant

179 1113 511 1166 πρωτοστατῶν.
572 1113 629 1152 Cf.
662 1112 864 1164 Hesych.
888 1125 921 1150 v.
944 1107 1322 1165 ἆριστεροστάτης.
1345 1107 1368 1152 ὁ
1393 1111 1706 1169 πρωτοστάτης

176 1178 259 1222 τοῦ
300 1180 445 1234 χοροῦ.
520 1181 683 1221 Schol-
728 1181 784 1220 ad
815 1180 1022 1220 Aristid.
1061 1179 1174 1220 Tom.
1216 1180 1280 1220 111.
1318 1194 1357 1233 p.
1396 1181 1604 1222 535—36.
1645 1185 1706 1223 ed.

178 1249 355 1290 Dindorf.
386 1248 495 1290 ποῦ
523 1263 686 1302 χορου
720 1247 986 1326 τάξομενε
1017 1246 1063 1288 ἐκ
1084 1248 1338 1302 μεταφορᾶς
1358 1250 1443 1290 τῶν
1465 1254 1707 1291 Διονυσια-

178 1317 265 1358 κῶν
301 1318 442 1371 χορῶν
481 1319 674 1371 εἴρηται·
713 1313 785 1357 ὅτε
823 1315 906 1370 γὰρ
944 1311 1144 1373 εἷςῄεσαν
1174 1314 1217 1356 οἳ
1257 1317 1399 1371 χοροὶ,
1432 1317 1631 1368 πλαγίως
1664 1319 1706 1372 (a

177 1386 314 1434 latere)
345 1382 599 1438 βαδίζοντες
629 1384 866 1425 ἐποιοῦντο
896 1383 997 1431 τοὺς
1027 1381 1188 1437 ὕμνους
1217 1384 1293 1424 καὶ
1324 1386 1443 1436 εἶχον
1470 1385 1571 1434 τοὺς
1592 1388 1706 1427 θεα-

175 1451 255 1501 τὰς
284 1451 331 1493 ἓν
361 1450 571 1505 ἀριστερᾷ
600 1449 754 1499 αὐτῶν,
786 1452 859 1491 καὶ
892 1449 944 1491 οἳ
975 1452 1186 1505 πρῶτοι
1216 1452 1297 1493 τοῦ
1324 1453 1459 1505 χοροῦ
1490 1451 1706 1507 ἄριστε-

176 1519 272 1575 ρὸν
300 1519 482 1572 ἐπεῖχον
513 1520 657 1569 (Muell.
687 1520 786 1561 coni.
819 1519 1076 1572 otorxov)²).
1137 1520 1274 1572 Neque
1302 1533 1394 1560 vero
1426 1532 1550 1561 unum
1580 1536 1706 1576 πρω-

174 1587 389 1643 τοστάτην
418 1589 590 1629 extitisse
620 1589 895 1629 coniciendum
929 1594 989 1628 est
1020 1601 1067 1628 ex
1091 1588 1290 1640 Hesych.
1326 1602 1359 1628 v.
1392 1588 1705 1641 πρωτοστά-

174 1667 269 1712 της·
301 1655 327 1698 ὅ
356 1657 529 1711 πρῶτος
560 1656 684 1711 παρὰ
713 1656 761 1697 τό
793 1657 921 1710 κέρας
951 1654 1237 1710 παρατάξεως
1248 1657 1284 1709 ³)
1321 1659 1581 1711 τεταγμένος
1610 1659 1633 1698 i.
1668 1673 1700 1699 e.

173 1727 321 1779 primns
349 1728 390 1765 in
420 1726 667 1777 dispositionis
697 1726 814 1765 latere
844 1726 1047 1765 collocatus
1067 1727 1200 1777 (quem
1221 1737 1294 1765 nos
1316 1738 1500 1766 vocamus
1521 1727 1704 1779 Fluegel-

176 1796 327 1842 mann).
402 1795 527 1833 Immo
572 1798 701 1833 totum
747 1793 925 1833 ordinem
972 1795 1163 1842 (versum)
1210 1794 1266 1833 sie
1309 1794 1558 1834 nominatum
1602 1808 1702 1842 esse,

174 1862 367 1902 exercitus
398 1862 656 1913 dispositione
687 1862 915 1914 planissime
945 1862 1203 1902 confirmatur
1233 1862 1378 1902 Polluc.
1404 1862 1580 1902 Onom.I.
1610 1863 1700 1904 126.

180 1930 267 1970 Καὶ
293 1929 378 1970 τῶν
398 1928 479 1982 μὲν
498 1927 756 1982 μαχομένων
781 1929 830 1969 τὸ
852 1929 933 1982 μὲν
952 1928 1212 1983 ἔμπροσθεν
1241 1931 1448 1982 μέτωπον
1476 1930 1549 1969 καὶ
1577 1928 1704 1981 ζυγόν

173 1996 248 2038 καὶ
281 1996 549 2051 πρόσωπον·
589 1997 662 2037 καὶ
700 1996 749 2038 τὸ
779 1997 860 2051 μὲν
890 1996 1045 2051 ἐφεξῆς
1066 1999 1180 2038 εἶναι
1212 1997 1322 2037 κατὰ
1352 1997 1503 2050 μῆκος,
1539 1996 1700 2048 ζυγεῖν·

171 2066 220 2107 τὸ
251 2065 300 2107 δὲ
330 2064 489 2120 ἐφεξῆς
524 2064 635 2105 κατὰ
666 2064 826 2118 βάθος,
860 2072 1071 2117 στοιχεῖν·
1110 2065 1183 2105 καὶ
1215 2063 1238 2106 ὁ
1268 2065 1350 2119 μὲν
1379 2064 1427 2105 ἐκ
1459 2064 1604 2113 δεξιᾶς
1624 2067 1701 2106 τοῦ

271 2266 295 2308 ¹)
320 2265 370 2299 Cf.
398 2265 540 2299 Kolster
564 2266 604 2298 de
630 2265 787 2308 parabasi
812 2276 843 2308 p.
870 2266 900 2299 8.

264 2348 289 2389 ²)
315 2348 463 2390 Sequens
500 2350 628 2389 quoqu'e
667 2346 819 2379 scholion
857 2346 1026 2380 addidisse
1058 2347 1190 2379 iuvabit
1226 2351 1259 2378 et
1296 2350 1432 2378 nostrae
1468 2345 1700 2388 disquisitioni

177 2411 290 2449 aptum
314 2410 349 2437 et
373 2405 416 2437 ad
439 2404 609 2447 thymelae
635 2404 816 2436 stationem
841 2404 940 2446 paulo
965 2404 1156 2436 accuratius
1186 2403 1404 2436 definiendam
1429 2403 1577 2445 apprime
1602 2413 1703 2445 appo-

170 2463 284 2496 situm.
324 2459 411 2504 Τὴν
428 2458 516 2504 πρὸ
534 2461 597 2493 τοῦ
615 2460 831 2504 θεατροῦε
856 2460 896 2494 ἐν
911 2461 974 2506 τῇκ
991 2462 1139 2507 ρείττονι
1156 2457 1250 2498 τάξει
1269 2460 1307 2492 Α.
1334 2456 1487 2503 ἄμεινον
1511 2454 1577 2492 οὖν
1600 2456 1697 2503 ἡμᾶς

171 2514 457 2564 ἐξεργάσασθαι,
486 2514 539 2550 ὅτι
564 2515 583 2550 ὁ
606 2514 730 2560 χορὸς,
755 2514 814 2551 ὅτε
838 2510 953 2563 εἰσῄει
978 2516 1018 2551 ἐν
1041 2517 1085 2562 τῇ
1109 2512 1303 2563 ὀρχήστρᾳ,
1331 2513 1348 2557 ἥ
1373 2507 1428 2561 (ᾗ)
1452 2515 1526 2549 ἔστι
1550 2516 1701 2559 θυμέὶη,

170 2574 211 2615 ἔξ
231 2572 431 2622 ἀριστερῶν
447 2570 555 2615 αὐτῆς
580 2569 774 2620 εἰσήρχετο,
799 2573 857 2608 ἵνα
883 2571 1012 2621 εὑρεθῇ
1038 2573 1075 2607 ἐκ
1099 2573 1223 2612 δεξιῶν
1238 2573 1303 2606 τοῦ
1321 2570 1508 2618 ἄρχοντος·
1534 2569 1619 2608 τοὺς
1635 2569 1702 2606 οὖν

170 2630 302 2669 καλοὺς
329 2631 400 2666 τῶν
425 2632 613 2678 χορευτῶν
643 2630 788 2664 ἔταττον
813 2626 982 2668 εἰσιόντες
1004 2631 1044 2666 ἐν
1065 2633 1141 2667 τοῖς
1163 2630 1233 2663 τῶν
1255 2629 1390 2664 ἑαυτῶν
1405 2626 1615 2675 ἀριστεροῖς,
1639 2628 1699 2662 ἵνα

172 2686 354 2734 εὑρεθῶσι
376 2687 470 2732 πρὸς
494 2685 558 2721 τὸν
582 2685 703 2731 δῆμον
727 2683 879 2731 ὁρῶντες
895 2712 1020 2720 ......
1045 2687 1105 2719 καὶ
1129 2686 1204 2719 ἐκεῖ
1224 2687 1285 2727 (sc.
1312 2685 1351 2719 ἐν
1370 2686 1485 2731 χορῷ)
1501 2685 1570 2729 μὲν
1587 2683 1697 2719 αὐτὸν

171 2741 477 2792 ἀριστεροστιὶτην
499 2745 626 2789 φησίν,
651 2742 728 2786 ἥτις
750 2739 847 2782 τάξις
870 2741 1021 2790 ἀρίστου
1040 2743 1226 2790 χορευτοῦ.

266 2824 294 2866 ³)
318 2825 431 2858 Aliter
455 2825 644 2858 Muellerus
670 2825 712 2868 (p.
740 2825 791 2858 82.
819 2825 932 2865 extr.).
