2014 3204
739 247 1051 289 —151—

65 412 69 413 ⁷
149 408 155 410 ,
252 368 299 410 In
326 367 392 409 Eu
403 357 684 408 menidibus
728 376 868 406 scaena
895 365 1068 418 primum
1098 367 1296 406 monstrat
1322 363 1511 417 Apollinis
1554 367 1658 404 tem-

139 428 249 494 plum
278 438 523 490 Delphicum,
539 449 577 479 v.
591 434 773 484 ‘34.⁴235.

304 523 307 525 ·
331 506 512 559 (Proph.)
1371 543 1378 547 ,

247 572 309 618 ’H
332 572 458 617 δειναὶ
487 573 628 623 λέξαι,
658 568 784 614 δεινὰ
813 565 859 612 δ’
890 567 1149 626 ὀφθαλμοῖς
1178 569 1357 625 δρακεῖν

256 643 402 687 Πάλιν
431 641 478 699 μ’
510 641 708 698 ἔπεμψεν
736 639 783 682 ἐκ
813 637 995 696 δόμων
1022 636 1127 681 τῶν
1160 634 1392 687 Λοξίου.

144 715 285 758 deinde
313 715 505 767 templum
534 712 775 754 Atheniense
804 710 998 751 Minervae
1043 721 1134 750 cum
1163 708 1288 762 ipsius
1317 708 1419 750 Deae
1449 707 1657 750 simulacro

199 798 236 827 v.
266 783 361 825 226.
393 782 494 833 (Or.)

160 896 163 899 ,
186 847 198 901 Ἀ
239 846 430 895 ”Ανασσ’
454 847 680 899 Ἀθάνα,
714 846 884 896 Λοξίου
914 843 1206 900 κελεύσμασιν

145 967 147 970 ,
246 917 360 962 “Hm
392 933 429 960 κ.
458 931 494 959 τ.
526 916 564 958 λ.

152 1030 167 1039 ,,
198 1003 240 1035 ι,
264 987 359 1030 233.
390 986 554 1037 (Orest.)

254 1055 468 1113 πρόσειμι
498 1054 650 1108 δῶμα
693 1050 767 1096 καὶ
797 1053 999 1108 βρέτας
1041 1052 1092 1094 τὸ
1137 1051 1232 1103 σὸν,
1276 1048 1379 1094 θεά.
1418 1052 1465 1092 cf.
1498 1063 1531 1091 V.
1561 1049 1659 1092 248.

330 1126 428 1168 387.
460 1125 555 1165 417.
586 1124 682 1164 424.

141 1199 312 1252 denique
330 1196 577 1249 Areopagum
598 1208 632 1234 v.
654 1193 735 1234 655
758 1191 953 1244 (Minerv.)
1001 1188 1184 1243 Πάγον
1213 1187 1257 1232 δ’
1278 1188 1487 1245 ’Ἀρειον
1513 1184 1659 1230 τόνδ’

135 1261 389 1322 Ἀμαζόνων
419 1262 550 1319 ἕδραν
579 1278 616 1303 κ.
646 1278 684 1303 τ.
713 1261 751 1302 λ.

255 1336 424 1376 Ventum
456 1338 515 1375 est
544 1333 592 1374 ad
621 1332 892 1380 machinas,
923 1331 1067 1385 quibus
1095 1330 1310 1383 Aeschylus
1338 1334 1518 1370 veterum
1546 1327 1662 1368 testi-

144 1405 288 1448 moniis
331 1410 391 1444 est
433 1415 540 1444 usus.
601 1402 808 1442 Cramer.
850 1401 919 1441 An
931 1414 982 1441 ec
994 1401 1030 1441 d.
1061 1400 1213 1440 Paris.
1244 1399 1273 1439 1.
1304 1411 1340 1451 p.
1376 1397 1440 1438 19.
1499 1397 1558 1439 Εἴ
1585 1393 1662 1451 μὲν

143 1473 197 1530 δὴ
226 1471 374 1516 πάντα
401 1487 469 1520 τις
503 1465 711 1524 Αἰσχύλῳ
743 1468 951 1524 βούλεται
982 1467 1038 1510 τὰ
1065 1467 1169 1524 περὶ
1210 1464 1288 1522 τὴν
1332 1465 1493 1522 σκηνήν
1536 1460 1662 1521 εὑρή-

142 1558 261 1599 ματα
290 1542 556 1598 προσνέμειν
586 1536 965 1594 ἕκκυκὶλήματα
995 1537 1070 1579 καὶ
1105 1533 1431 1592 περιάκτους
1460 1533 1536 1576 καὶ
1566 1549 1661 1589 μη-

141 1611 304 1666 χανὰς
332 1608 601 1664 ἐξώστρας
629 1624 676 1649 τε
704 1622 743 1649 κ.
790 1622 836 1648 π.
877 1630 934 1638 --
973 1606 1046 1648 καὶ
1077 1611 1545 1661 κεραυνοσκοπεῒα
1586 1603 1661 1645 καὶ

141 1684 402 1739 βροντεῒα
431 1678 505 1721 καὶ
534 1675 793 1733 γεράνους
838 1692 875 1718 κ.
905 1690 944 1718 τ.
975 1674 1013 1717 λ.
1070 1676 1178 1717 Vita
1205 1674 1436 1728 Aeschyli
1479 1688 1519 1728 p.
1567 1673 1659 1716 159.

143 1752 206 1792 etl.
234 1750 363 1792 Ritter
391 1747 468 1803 τὴν
497 1745 546 1788 δὲ
575 1745 735 1802 σκηνὴν
764 1742 982 1801 ἐκόσμησε
1011 1767 1065 1774 —-
1096 1744 1418 1799 μηχαναῖςΙ).

253 1819 311 1860 De
341 1817 580 1871 periactis
609 1817 687 1856 iam
710 1829 828 1869 supra
859 1821 920 1856 est
940 1814 1187 1867 explicatum.
1231 1813 1287 1854 De
1326 1813 1660 1866 eccyclemate

145 1893 276 1930 autem
304 1891 423 1939 atque
452 1886 501 1926 de
532 1891 733 1926 exostra
763 1885 911 1926 nostris
940 1882 1189 1937 temporibus
1231 1888 1313 1923 tam
1343 1882 1531 1934 sagaciter
1558 1886 1662 1923 tam·-

146 1970 222 2011 que
242 1961 423 1998 accurate
440 1955 681 2008 disputatum
705 1954 813 2005 esst),
835 1958 879 1993 ut
896 1954 940 1994 in
959 1953 1033 1993 hac
1051 1958 1207 2005 quoque
1226 1963 1270 1991 re
1290 1951 1404 1991 facile
1421 1951 1573 2004 possim
1594 1964 1662 1992 co-

144 2025 306 2080 piosiori
328 2025 556 2079 quaestione
575 2024 849 2077 supersedere.
879 2022 1031 2062 Accedo
1053 2020 1159 2061 enim
1179 2019 1293 2072 plane
1313 2019 1360 2059 ad
1381 2019 1425 2059 G.
1443 2019 1662 2061 Hermanni

145 2095 401 2142 sententiam,
438 2094 505 2147 qui
552 2094 764 2146 eccyclema
792 2092 928 2133 statuit
958 2103 1047 2132 eam
1077 2102 1163 2131 esse
1194 2089 1427 2138 machinam,
1457 2102 1532 2142 qua
1563 2102 1662 2143 quae

144 2164 253 2205 intus
277 2163 372 2204 fiant
400 2163 442 2203 in
471 2163 644 2210 aedibus,
675 2161 843 2204 diductis
873 2172 1036 2201 scaenae
1064 2159 1260 2207 tabulam,
1290 2165 1381 2211 post
1399 2160 1524 2212 ipsam
1553 2172 1660 2200 scae-

146 2246 240 2275 nam
262 2232 525 2286 spectantium
542 2232 664 2272 oculis
682 2230 954 2271 ostendantur.
999 2229 1117 2269 Poll.
1135 2229 1296 2269 Onom.
1314 2227 1376 2268 lv.
1395 2227 1486 2268 128.
1509 2226 1583 2268 καὶ
1610 2227 1660 2270 τὸ

144 2299 226 2357 μὲν
253 2297 497 2354 ἒκκύκλημα
517 2297 594 2341 ἐπὶ
618 2297 756 2347 ξύλων
774 2296 949 2354 ὑψηλὸν
965 2295 1156 2353 βάθρον,
1176 2292 1211 2352 ᾦ
1226 2295 1446 2339 ἐπίκειται
1477 2294 1660 2352 θρόνος·

145 2369 402 2412 δείκνυσι
430 2367 488 2410 δὲ
509 2367 595 2409 καὶ
615 2365 795 2410 τάὖπὸ
816 2363 1081 2422 σκηνὴνέν
1102 2372 1227 2415 ταῖς
1250 2365 1461 2415 οἶκίαις
1491 2363 1662 2421 dmi&-

147 2437 277 2494 ρητα
305 2438 625 2493 πραχθέντα
646 2468 656 2478 .
679 2468 689 2477 .
710 2469 722 2479 .
752 2436 825 2478 καὶ
845 2435 925 2492 χρὴ
956 2436 1083 2478 τοῦτο
1103 2437 1312 2478 νοεῖσθαι
1334 2431 1443 2476 καθ’
1475 2432 1661 2490 ἑκάστην

146 2504 312 2560 θύραν·
328 2503 479 2554 οἱονεὶ,
491 2502 593 2547 καθ’
609 2500 793 2562 ἑκάστην
808 2507 965 2548 οἰκίαν.
988 2507 1115 2547 Serv.
1133 2506 1312 2558 adVirg.
1328 2505 1495 2557 Georg.
1511 2503 1576 2544 111.
1593 2502 1661 2545 24.

147 2577 262 2626 Quod
290 2581 426 2616 contra
455 2575 501 2616 Ο.
531 2575 715 2617 Mullerus
742 2577 863 2618 talem
892 2589 978 2618 esse
1008 2580 1155 2623 censet,
1200 2586 1274 2627 qua
1314 2586 1362 2614 ex
1405 2572 1557 2614 foribus
1602 2585 1660 2621 ea,

149 2658 248 2700 quae
275 2650 392 2699 poeta
419 2650 511 2698 post
548 2657 728 2687 scaenam
772 2646 870 2688 faeta
914 2658 1104 2699 apparere
1148 2644 1253 2692 velit,
1297 2642 1340 2684 in
1382 2642 1660 2696 proscaenium

242 2761 252 2781 ¹
291 2759 340 2794 Cf.
388 2786 397 2794 .
423 2761 497 2796 134.

240 2761 268 2860 ’ζ
293 2817 331 2853 G.
356 2773 557 2853 Hpermann
582 2831 693 2864 opusc.
718 2818 773 2853 v1.
796 2831 827 2864 p.
851 2819 879 2854 11
913 2831 944 2864 p.
983 2819 1047 2853 165
1084 2829 1155 2863 sqq.
1192 2818 1231 2852 Ο.
1267 2815 1441 2859 Miiller,
1471 2816 1660 2861 Aeschylos

150 2875 365 2910 Eumeniden.
392 2875 592 2911 Grieehisch
613 2879 679 2911 und
704 2877 851 2911 Deutsch
875 2889 904 2921 p.
933 2877 997 2911 103
1021 2888 1091 2921 sqq.
1131 2876 1264 2910 Ersch
1293 2876 1359 2908 und
1385 2874 1561 2917 Grnber,
1585 2874 1661 2909 All-

149 2935 299 2977 gemeine
323 2933 570 2979 Eneyelopiidie
595 2936 655 2970 der
678 2934 969 2970 wissenschaften
993 2936 1058 2968 und
1083 2932 1212 2969 Riinste
1236 2946 1268 2969 v.
1294 2932 1563 2978 Ekkyklema.
1628 2943 1632 2946 ·
