2014 3204
786 195 983 239 -227
1047 222 1098 227 -

258 318 266 348 ἑ
296 310 422 370 Atque
457 317 504 357 ad
543 329 709 357 vocem
747 316 924 368 quidem‘
949 315 1273 356 conformandam
1306 321 1343 355 et
1375 315 1628 355 excolendam
1660 315 1710 356 ab

182 385 439 426 histrionibus
466 386 630 438 insignis
661 385 831 425 adhibita
863 390 922 425 est
967 397 1060 425 cura
1097 397 1142 424 ac
1177 385 1390 436 diligentia.
1450 385 1563 425 Vocis
1602 384 1708 424 enim

182 454 224 494 in
254 455 405 507 agendo
434 460 544 494 tanta
576 459 636 494 est
666 455 736 502 vis,
767 459 813 494 ut
843 464 895 494 ex‘
921 467 964 494 ea
1005 459 1112 494 recte
1151 454 1304 493 dicatur
1347 452 1509 493 iudicari
1553 452 1709 497 histrio,

183 520 519 576 quemadmodum
549 523 758 563 sententiis
788 528 968 563 censetur
998 528 1130 563 orator
1141 523 1186 572 ¹),
1218 523 1433 574 eademque
1463 522 1511 562 ad
1543 521 1708 561 actionis

183 603 302 640 usum
331 597 450 644 atque
478 591 632 632 laudem
664 591 874 631 maximam
905 591 1082 631 obtineat
1102 595 1252 644 partem
1266 591 1314 639 ²).
1365 590 1463 630 Nam
1495 589 1606 629 sonis
1639 589 1712 629 ho—

184 659 313 700 mines
342 665 386 700 ut
414 671 502 700 aera
532 660 679 700 tinnitu
710 660 990 712 dignoscimus.
1037 659 1304 708 Quamobrem
1334 658 1401 711 qui
1435 658 1608 698 diversas
1638 658 1713 697 ho-

185 727 339 767 minum
369 734 532 769 naturas
562 741 772 782 moresque
802 730 842 768 in
874 741 1015 769 scaena
1039 730 1119 768 vult
1148 728 1307 774 imitari,
1337 740 1429 767 eum
1460 738 1623 766 necesse
1653 731 1712 766 est

184 795 380 837 infinitam
411 797 556 845 habere
585 810 776 838 sonorum
816 798 1068 846 varietatem,
1114 796 1446 843 vicissitudinem,
1491 800 1714 834 commuta—

182 865 348 906 tionem.
408 867 512 906 Sunt
542 866 647 906 enim
678 871 739 907 tot
768 867 874 913 soni,
920 873 1018 919 quot
1046 866 1167 907 animi
1205 877 1335 906 mores
1366 868 1498 905 motus
1537 864 1714 904 affectus.

184 929 313 974 Veluti
341 935 438 975 aiios
468 935 543 975 sibi
573 936 656 975 vult
684 935 754 983 ira,
784 936 878 975 alios
908 947 1088 982 moeror,
1132 935 1226 975 alios
1255 935 1375 975 habet
1404 935 1569 982 veritas,
1617 933 1713 973 alios

185 1002 404 1051 simulatio,
435 1004 516 1043 aliis
545 1004 670 1044 utitur
699 1004 806 1044 senis
836 1004 1118 1057 tranquillitas,
1150 1004 1234 1044 aliis
1263 1004 1415 1044 iuvenis
1444 1004 1596 1051 fervor,
1625 1002 1710 1042 aliis

184 1072 442 1112 remittuntur
471 1072 606 1123 animi,
638 1073 724 1113 aliis
746 1073 1044 1113 contrahuntur.
1094 1073 1246 1121 Quibus
1278 1072 1466 1113 omnibus
1497 1072 1566 1125 qui
1595 1076 1718 1124 prout

184 1152 250 1181 res
270 1140 432 1187 terebat,
454 1147 498 1181 ut
517 1141 751 1182 Theodorus
771 1141 834 1181 ille
848 1141 893 1191 ⁸),
925 1147 1104 1182 uteretur
1124 1148 1310 1194 tanquam
1333 1141 1429 1189 suis,
1460 1152 1542 1180 non
1563 1140 1716 1187 alienis,

186 1209 220 1249 is
263 1222 419 1250 summa
461 1210 575 1250 laude
621 1210 762 1262 dignus
804 1210 1034 1251 habebatur.
1108 1209 1341 1263 indigebant
1384 1214 1516 1250 autem
1562 1214 1716 1249 veteres

184 1277 401 1329 Graecipeo
431 1278 571 1318 maiori
601 1291 718 1330 quam
750 1279 878 1318 nostri
907 1279 1123 1319 histriones
1152 1280 1259 1319 vocis
1290 1279 1497 1325 varietate,
1539 1277 1644 1330 quod
1676 1283 1720 1317 et

186 1346 319 1399 plures
350 1346 532 1399 deinceps
561 1347 603 1386 in
633 1347 799 1398 singulis
830 1348 1040 1398 tragoediis
1073 1347 1267 1387 habebant
1299 1352 1431 1399 partes
1463 1352 1504 1386 et
1534 1344 1623 1386 cum
1654 1346 1719 1385 fe-

188 1415 320 1454 minae
362 1415 404 1455 in
448 1428 631 1455 scaenam
667 1415 873 1467 prodirent
918 1415 1047 1455 nullae
1091 1415 1209 1454 iidem
1256 1415 1442 1455 mulieres
1487 1415 1530 1455 in
1575 1426 1719 1454 scaena

187 1481 366 1535 agebant.
426 1484 563 1535 Itaque
593 1496 683 1523 mox
714 1495 845 1536 parva,
877 1496 967 1523 mox
1000 1496 1142 1535 magna
1173 1496 1290 1529 voce,
1328 1484 1448 1523 modo
1493 1483 1719 1523 acutissima

190 1551 441 1600 feminarum,
474 1552 592 1591 modo
623 1552 886 1602 grandissima
917 1552 1082 1592 deorum
1113 1558 1229 1603 atque
1260 1552 1426 1592 heroum
1458 1565 1558 1604 opus
1581 1552 1720 1599 erat4).

188 1619 418 1669 Accedebat,
450 1621 552 1672 quod
574 1621 844 1673 gravissimum
878 1627 951 1666 est,
984 1626 1026 1660 ut
1047 1633 1137 1660 cum
1168 1620 1241 1659 hac
1261 1625 1368 1660 tanta
1401 1621 1506 1659 vocis
1539 1621 1722 1660 varietate

189 1700 275 1728 eam
306 1689 589 1741 coniungerent
620 1688 852 1728 modestiam
886 1694 925 1728 et
947 1689 1246 1735 continentiam,
1278 1701 1376 1741 quae
1409 1701 1567 1741 semper
1597 1689 1722 1728 totius

189 1756 340 1797 fabulae
369 1757 692 1809 singularumque
723 1757 894 1808 partium
915 1762 1112 1809 spectaret
1141 1757 1474 1803 convenientiam,
1505 1757 1557 1797 ita
1587 1762 1631 1797 ut
1662 1757 1723 1796 vel

188 1825 238 1872 is,
267 1825 333 1877 qui
356 1826 497 1865 maiori
531 1832 614 1866 arte
636 1826 842 1872 emineret,
874 1825 905 1864 si
927 1825 1118 1865 secundas
1150 1831 1218 1864 aut
1247 1825 1383 1864 tertias
1403 1831 1536 1877 partes
1560 1825 1723 1864 haberet

191 1898 311 1941 actor,
340 1887 456 1934 'suam
489 1907 624 1934 vocem
656 1894 767 1934 facile
798 1894 1083 1941 summitteret,
1128 1899 1172 1933 ut
1217 1894 1434 1946 primarum
1467 1899 1574 1934 actor
1606 1906 1725 1946 quam

286 2066 310 2108 ¹)
336 2067 552 2100 Plutarch.
585 2067 675 2100 vita
700 2067 904 2100 Demosth.
929 2078 959 2110 p.
989 2068 1085 2102 1033.
1113 2067 1152 2100 T.
1179 2067 1216 2101 ΙΙ.
1242 2068 1293 2100 ed.
1320 2067 1429 2101 Paris.
1463 2068 1546 2104 τοὺς
1568 2064 1728 2109 ὐποκρι-

190 2122 256 2163 τὰς
278 2124 341 2159 δεῖ
360 2127 496 2168 κρίνειν
519 2123 559 2158 ἐκ
583 2125 646 2167 τῆς
669 2125 793 2169 φωνῆς
814 2122 898 2161 τοὺς
921 2124 959 2158 δὲ
983 2120 1137 2171 ῥήτορας
1158 2125 1198 2159 ἐκ
1221 2125 1283 2167 τῆς
1304 2122 1460 2170 γνώμης.

282 2182 309 2224 ²)
334 2181 417 2216 Cic.
442 2181 487 2213 de
513 2186 620 2214 orat.
647 2180 699 2214 III.
726 2193 753 2214 c.
780 2181 847 2214 6.0.
872 2181 891 2223 ξ
916 2181 994 2214 224.
1043 2181 1174 2215 Arist.
1201 2182 1309 2216 rhet.
1336 2181 1390 2215 ΠΙ.
1412 2183 1440 2215 1.
1458 2179 1561 2228 φωνὴ
1578 2180 1729 2216 πάντων

189 2236 484 2285 μιμητικώτατον
507 2239 580 2272 τῶν
603 2241 745 2284 μορίων
769 2236 868 2284 ἡμῖν.
1459 2268 1462 2270 .

284 2298 312 2338 ³)
338 2296 473 2329 Arist.
507 2297 668 2329 rhetor.
692 2295 745 2328 ln.
771 2296 791 2328 2
828 2297 861 2329 4.
890 2295 949 2329 δεῖ
975 2291 1177 2330 λανθάνειν
1208 2296 1410 2334 ποιοῦντας
1441 2297 1502 2329 καὶ
1534 2292 1587 2340 μὴ
1612 2295 1731 2330 δοκεῖν

191 2355 311 2399 λέγειν
327 2354 592 2398 πεπλασμένως
609 2350 701 2385 ἀλλὰ
725 2351 955 2397 πεφυκότως·
981 2353 1087 2385 τοῦτο
1103 2351 1174 2399 γὰρ
1190 2346 1367 2394 πιθανόν,
1393 2351 1507 2388 ἐκεῖνο
1523 2351 1561 2386 δὲ
1578 2350 1731 2386 τούναν-

191 2413 287 2445 τίον·
313 2429 356 2435 -—
380 2406 461 2444 οἷον
485 2407 506 2452 ἡ
533 2408 726 2456 Θεοδώρου
750 2408 852 2454 qamt)
879 2412 1073 2444 πέπονθεν
1098 2407 1193 2455 πρὸς
1209 2407 1273 2453 τὴν
1294 2409 1366 2443 τῶν
1381 2406 1500 2443 ἄλλων
1515 2407 1730 2457 ὑποκριτῶν.

193 2465 215 2510 ἡ
238 2466 309 2512 μὲν
331 2466 404 2511 γὰρ
428 2467 490 2500 τοῦ
514 2467 681 2510 λέγοντος
704 2466 822 2501 ἔοικεν
844 2465 948 2501 εἶναι.
974 2467 1014 2500 αἱ
1038 2463 1272 2512 δίἔλλότρι-αι.

282 2523 314 2566 ¹)
339 2523 388 2557 ef.
414 2523 520 2556 Poll.
545 2523 600 2557 lv.
633 2524 707 2556 114.
733 2525 851 2562 εἴποις
875 2518 955 2557 δ’τῖν
978 2522 1200 2571 βαρύστονος
1217 2521 1424 2570 ὑποκριτής,
1441 2524 1604 2569 βομβῶν,
1629 2535 1732 2570 περι-

195 2580 351 2626 βομβῶν,
376 2581 590 2624 ληκυθίζων,
615 2580 847 2626 λαρυγγίζων,
872 2581 1104 2627 ([αρυγγίζων
1127 2582 1187 2614 καὶ
1211 2576 1428 2625 βαρῦφωνος
1451 2580 1488 2614 δὲ
1513 2582 1575 2614 καὶ
1601 2576 1730 2613 λεπτό-

196 2648 319 2682 φωνος
346 2638 406 2670 καὶ
434 2635 707 2683 γυναικόφωνος
741 2641 802 2671 καὶ
837 2635 1094 2684 στρηνόφωνος
1122 2640 1183 2672 καὶ
1213 2634 1283 2671 ὅσα
1314 2635 1384 2672 σὺν
1414 2632 1557 2675 τούτοις
1579 2636 1669 2671 ἄλλα
1694 2638 1733 2672 ἐν

196 2695 273 2731 τοῖς
294 2695 378 2740 περὶ
402 2697 522 2739 φωνῆς
546 2698 692 2743 εἴρηται.
719 2696 888 2728 Lucian.
915 2696 1025 2729 Pisc.
1052 2695 1106 2728 31.
1141 2696 1233 2738 βοᾶν
1262 2691 1431 2740 ἡρωικόν.
1456 2696 1626 2728 Diodor.
1653 2695 1730 2728 Sic.

196 2750 288 2785 XVI.
315 2763 345 2795 p.
370 2753 446 2787 558.
471 2753 731 2797 Neoptolemus,
755 2753 993 2786 Demosthenis
1019 2753 1182 2795 aequalis,
1209 2753 1337 2786 dicitur
1361 2750 1556 2797 πρωτεύων
1580 2753 1632 2798 τῇ
1653 2763 1681 2797 ’μ
1693 2764 1733 2786 ε·

196 2809 462 2854 γαλοφωνίᾳ
487 2812 546 2842 καὶ
570 2811 614 2856 τῇ
640 2808 743 2855 δόξᾳ.
792 2810 961 2843 Lucian.
988 2810 1106 2852 Nigr.
1133 2822 1161 2842 c.
1190 2810 1239 2842 ll.
1268 2810 1365 2854 μέγα
1384 2805 1572 2853 κεχηνότες
1596 2806 1733 2853 μικρὸν

197 2867 426 2911 φθέγγονται
450 2869 510 2900 καὶ
536 2865 663 2911 ἰσχνὸν
685 2868 745 2900 καὶ
769 2865 1003 2911 γυναικῶδες.
1450 2911 1514 2944 Γ*

1470 2921 1491 2946 ἱ)
