2014 3204
766 281 819 288 -—-
885 259 1078 300 183—

162 375 245 416 ⁸ive
273 387 386 427 reges
415 374 498 415 sive
526 374 629 414 servi
658 378 765 429 sunt,
802 387 904 414 non
942 379 1036 415 tam
1068 387 1151 416 sua
1181 383 1363 428 sponte
1394 388 1688 429 morumque

159 442 757 496 suorumsjproprietate,
802 455 948 495 quam
993 445 1299 485 necessitate
1345 445 1553 497 quadam
1598 458 1687 485 ex-

157 511 412 553 trinsecus
455 511 604 552 allata
649 512 705 551 ad
747 511 1171 564 implicandum
1215 514 1293 553 vel
1331 513 1687 565 explicandum

164 581 471 633 tragoediae
520 580 701 620 nodum
751 580 1052 621 conferrent.
1120 581 1247 633 Atque
1293 594 1383 622 cum
1426 582 1560 634 plures
1602 583 1685 623 sin-

156 651 258 703 gulis
288 651 400 691 datae
428 649 509 689 sint
536 653 681 701 partes,
710 661 793 688 non
824 639 904 695 est,
936 650 1040 702 quod
1072 650 1269 702 copiosius
1300 662 1565 703 exponamus,
1603 663 1686 691 non

158 719 334 773 potuisse
372 718 468 759 duas
505 731 697 772 personas
733 718 781 759 ab
818 718 959 759 eodem
1001 723 1133 758 actore
1178 719 1344 772 expleri,
1389 718 1464 759 nisi
1509 719 1543 760 si
1588 719 1684 760 satis

157 788 349 841 temporis
377 788 426 828 ad
455 793 582 829 vestes
613 788 826 830 mutandas
857 793 963 827 esset
993 787 1141 828 datum.

589 1034 652 1073 DE
682 1033 886 1073 ORNATU
915 1032 1238 1073 HISTRIONUM.

267 1125 432 1167 ornatui
452 1126 688 1167 histrionum
712 1126 1049 1178 diligentissimam
1067 1126 1303 1178 Aeschylum
1321 1137 1481 1178 operam
1506 1137 1682 1174 navasse,

156 1207 238 1236 uno
279 1208 349 1236 ore
386 1196 454 1248 qui
493 1196 542 1235 de
571 1196 656 1236 eius
688 1196 765 1235 vita
810 1194 1060 1248 inventisque
1105 1195 1284 1235 referunt
1313 1207 1452 1235 omnes
1483 1199 1683 1235 testantur

154 1269 333 1305 veterum
361 1265 589 1317 scriptores.
635 1264 746 1304 Vita
773 1263 1015 1316 Aeschyli
1036 1277 1073 1316 p.
1098 1264 1178 1304 154
1210 1264 1269 1303 ed.
1301 1264 1469 1303 Ritter
1485 1294 1494 1303 .
1513 1293 1523 1302 .
1540 1262 1681 1304 πολὺ

151 1331 271 1380 τοὺς
300 1331 407 1387 πρὸ
437 1329 608 1374 αὑτοῦ
638 1329 881 1387 ὑπερῆρε
917 1329 1051 1372 κατά
1088 1347 1142 1372 τε
1171 1330 1249 1385 τὴν
1281 1333 1468 1385 ποίησιν
1497 1331 1571 1371 καὶ
1602 1331 1681 1387 τήν

153 1397 368 1442 διάθεσιν
395 1402 472 1456 τῆς
493 1401 650 1456 σκηνῆς
679 1399 757 1456 τήν
784 1416 831 1441 τε
861 1398 1148 1455 λαμπρότητα
1169 1400 1243 1454 τῆς
1262 1401 1470 1453 χορηγίας
1489 1399 1564 1440 καὶ
1585 1399 1681 1455 τὴν

151 1469 359 1523 σκευὴν
394 1469 494 1510 τῶν
532 1466 729 1522 ὑποκρι
744 1469 846 1510 τῶν
877 1484 915 1509 κ.
946 1483 980 1509 τ.
1012 1468 1051 1509 λ.
1071 1462 1128 1523 1).’
1187 1469 1233 1508 In
1273 1481 1349 1521 qua
1378 1481 1422 1508 re
1453 1469 1680 1522 explicanda

152 1550 242 1579 cum
272 1550 353 1578 non
383 1538 423 1578 id
453 1538 551 1578 mihi
569 1537 823 1591 propositum
853 1538 914 1586 sit,
946 1543 990 1578 ut
1011 1549 1217 1590 exponam,
1249 1538 1290 1578 in
1317 1537 1482 1590 singulis
1502 1538 1679 1592 Aeschyli

150 1606 295 1648 fabulis
330 1606 434 1660 quali
465 1611 608 1647 ornatu
638 1613 791 1647 actores
823 1607 967 1658 singuli
996 1607 1126 1646 induti
1156 1608 1200 1647 in
1230 1618 1412 1646 scaenam
1443 1608 1678 1660 prodierint,

149 1676 220 1718 sed
250 1675 290 1716 id
321 1676 463 1724 solum,
494 1676 588 1728 quid
610 1676 826 1727 Aeschylus
857 1675 921 1715 tali
954 1681 1139 1728 tantaque
1157 1688 1249 1715 cura
1270 1676 1443 1715 maxime
1464 1680 1676 1728 spectasse,

152 1750 192 1784 et
222 1745 558 1798 quemadmodum
591 1745 649 1792 id,
682 1744 786 1796 quod
819 1743 963 1790 voluit,
994 1744 1158 1783 omnino
1191 1744 1369 1784 effecisse
1410 1744 1602 1791 videatur,
1633 1758 1678 1784 o-

150 1813 275 1866 ptimo
304 1812 599 1865 clarissimoque
631 1813 781 1853 utimur
811 1813 910 1852 duce
940 1812 1303 1865 Aristophane,
1336 1813 1405 1865 qui
1434 1813 1474 1852 in
1507 1813 1677 1862 Ranis‚

148 1886 359 1934 postquam
404 1881 548 1921 chorus
586 1882 830 1934 Aeschylum,
876 1886 921 1921 ut
963 1886 1102 1921 contra
1139 1880 1368 1933 Euripidem
1411 1881 1576 1930 diceret,
1616 1882 1678 1923 his

148 1949 276 1990 verbis
306 1950 501 1990 evocavit:
1106 1938 1111 1941 ⁶

207 2031 240 2058 v.
276 2018 403 2059 1004.
435 2019 474 2058 5.

262 2083 356 2127 ἀλλ’
387 2078 426 2127 αἶ
452 2087 627 2141 πρῶτος
656 2086 742 2127 τῶν
767 2083 983 2141 Ἑλλήνων
1013 2082 1247 2141 πυργώσας
1278 2083 1449 2140 ῥήματα
1480 2085 1621 2140 σεμνὰ

262 2153 336 2195 καὶ
367 2153 648 2211 κοσμήσας
676 2154 937 2211 τραγικὸν
968 2154 1144 2209 λῆρον,
1175 2153 1357 2209 θαῤῥῶν
1385 2153 1464 2195 τὸν
1494 2154 1677 2210 κρουνὸν

1221 2220 1368 2279 ἀφίει·

148 2291 280 2344 ipsum
311 2291 548 2343 Aeschylum
579 2296 619 2331 et
648 2291 720 2332 alia
753 2298 792 2332 et
820 2293 919 2332 haec
946 2293 1175 2345 loquentem
1205 2292 1314 2333 facit:

204 2372 239 2399 v.
274 2358 395 2399 1062.
426 2359 495 2400 63.

259 2425 431 2476 κᾶλλως
461 2427 612 2475 εἰκὸς
641 2427 762 2476 τούς
792 2424 1068 2482 ἡμιθέους
1088 2435 1206 2477 τοῖς
1227 2426 1434 2483 ῥήμασι
1457 2427 1673 2482 μείζοσι

1218 2512 1244 2549 χ
1255 2512 1277 2552 ρ
1290 2496 1437 2551 ἤσθα
1453 2514 1467 2538 ι
1482 2511 1492 2521 ·

259 2563 349 2605 καὶ
388 2563 486 2619 γὰρ
526 2571 646 2613 τοῖς
685 2563 935 2618 ἱματίοις
971 2559 1118 2620 ἡμῶν
1156 2566 1393 2621 χρῶνται
1426 2563 1566 2606 πολὺ
1588 2574 1674 2606 σε-

1217 2635 1582 2688 μνοτέροισιν.

261 2701 348 2741 Non
378 2702 486 2742 enim
515 2707 667 2742 temere
679 2733 688 2749 ,
721 2702 779 2741 vel
809 2706 853 2742 ut
888 2708 1158 2754 spectatorum
1195 2703 1328 2743 oculos
1365 2703 1674 2755 praestringeret

147 2773 189 2808 et
217 2779 238 2807 a
268 2770 491 2820 tragoediae
520 2770 706 2822 gravitate
734 2771 782 2810 ad
802 2782 865 2811 res
885 2771 1050 2811 leviores
1072 2778 1328 2818 converteret,
1359 2772 1671 2823 spectaculorum

245 2917 269 2958 ¹)
295 2914 337 2949 cs.
364 2917 403 2950 de
429 2917 594 2963 Aeschyli
619 2928 657 2950 rc
681 2928 792 2951 scaen.
820 2928 848 2961 p.
879 2918 940 2951 123
966 2929 1035 2962 sqq.
