2014 3204
734 248 1047 289 -187—

130 381 323 423 augerem>
349 366 525 414 nimiam,
558 378 632 419 qua
662 365 875 413 laboratur,
905 377 1040 405 rerum
1071 363 1229 412 molem,
1260 363 1329 403 sed
1362 363 1503 403 electas
1533 376 1653 415 quas-

126 437 215 478 dam
261 449 309 477 ex
352 437 428 476 ista
464 439 572 480 tanta
610 433 807 485 farragine
837 446 902 473 res
932 433 1165 486 praecipuas
1178 464 1188 481 ‚
1235 445 1336 485 quae
1366 431 1574 484 perspicue
1605 431 1652 471 ad

122 505 304 558 Aeschyli
334 503 552 556 tragoedias
582 503 797 556 pertinent,
827 502 880 541 ita
912 502 1158 554 explicarem,
1188 505 1233 540 ut
1259 501 1326 553 qui
1355 508 1591 555 sequuntur,
1613 503 1654 543 in

127 587 175 615 eo
206 579 410 626 tamquam
438 576 545 612 certo
576 571 838 611 fundamento
868 570 1052 610 insistere
1083 575 1256 622 possent.

237 641 447 695 Sequimur
487 644 618 681 autem
656 639 932 678 auctoritatem
963 638 1176 679 Cramer.
1216 638 1456 679 Anecdot.
1496 639 1650 680 Paris.

124 711 201 751 vol.
231 710 263 750 Ι.
294 723 334 763 p.
368 709 432 750 19.
493 707 550 748 Εἴ
578 704 658 762 μὲν
678 704 733 760 δὴ
756 703 903 746 πάντα
923 718 990 751 τις
1015 702 1226 759 Αἰσχύλῳ
1248 701 1454 757 βούλεται
1476 706 1531 747 τὰ
1551 707 1655 762 περὶ

122 777 201 833 τήν
210 776 372 833 σκηνήν
387 773 609 831 εὑρήματα
625 775 890 829 προσνέμειν
905 770 1206 826 ἓκκυκλήματα
1222 772 1295 813 καὶ
1309 773 1571 829 περιάκτους
1587 806 1596 816 .
1615 806 1625 816 .
1644 807 1654 816 .

121 848 198 888 καί
228 859 317 888 που
337 844 411 886 καὶ
434 842 691 892 ξυστίδας
711 840 1105 896 καὶβατραχίδα
1119 858 1151 891 ς,
1183 841 1257 883 καὶ
1279 841 1550 898 πρόσωπα
1580 844 1653 913 aa}

122 913 449 970 κοθόρνους,
480 912 554 953 καὶ
584 911 744 953 ταυτὶ
764 910 826 951 τὰ
845 906 1079 951 ποικίλα
1100 909 1351 966 σύρματά
1370 928 1433 961 τε,
1466 911 1540 952 καὶ
1562 928 1654 953 κα-

121 980 370 1038 λύπτραν
406 978 482 1022 καὶ
522 978 808 1035 κόλπωμα,
854 978 928 1019 καὶ
967 978 1270 1035 παράπηχυ
1308 980 1381 1021 καὶ
1420 978 1656 1036 ἆργηνὸν

123 1052 284 1107 (corrig.
307 1049 437 1105 ἄγρη
450 1050 556 1100 νὸν)
577 1065 615 1090 κ.
635 1063 671 1090 τ.
692 1047 792 1099 λ.1),
826 1050 892 1100 ita,
925 1054 969 1089 ut
990 1062 1090 1103 quae
1110 1050 1175 1090 hic
1200 1050 1389 1103 Aeschylo
1411 1051 1654 1100 tribuuntur,

123 1133 401 1174 comparemus
431 1132 522 1160 cum
542 1118 712 1159 Pollucis
733 1119 993 1172 aliorumque,
1015 1132 1115 1171 quae
1138 1119 1184 1159 de
1205 1119 1268 1159 his
1288 1119 1407 1160 rebus
1427 1120 1653 1167 traduntur,

122 1189 380 1232 testimoniis.

237 1260 395 1301 Constat
424 1257 542 1310 igitur
582 1256 684 1309 apud
716 1255 886 1297 Graecos
926 1257 965 1297 id
1002 1255 1331 1296 vestimentorum
1361 1269 1486 1308 genus
1499 1291 1508 1307 ‚
1548 1262 1655 1314 quod

123 1340 268 1382 corpus
298 1332 461 1379 tegeret,
492 1338 650 1378 quoque
679 1330 718 1365 et
747 1324 820 1364 viri
851 1331 891 1365 et
920 1325 1091 1365 feminae
1112 1329 1332 1373 uterentur,
1364 1333 1547 1368 vocatum
1570 1342 1655 1369 esse

123 1395 344 1450 ἔνδυμα.
403 1396 560 1447 Eaeque
590 1395 746 1435 tunicae
778 1394 1060 1446 antiquissimis
1090 1393 1335 1446 temporibus
1366 1396 1469 1447 apud
1491 1397 1656 1437 Atheni-

124 1479 241 1507 enses
272 1465 431 1519 quidem
465 1465 606 1504 Ionum
638 1463 724 1503 illae
755 1464 894 1514 longae
924 1463 1067 1502 linteae
1096 1464 1277 1512 fuerunt,
1309 1464 1485 1504 diversae
1516 1477 1537 1504 a
1564 1465 1655 1505 hre-

122 1533 297 1575 vim-ibus
327 1533 452 1575 laneis
482 1530 748 1580 Doriensium‚
779 1532 886 1572 unda
917 1532 995 1571 iam
1034 1531 1082 1571 ab
1114 1532 1285 1572 Homero
1325 1534 1440 1573 Iones
1471 1534 1655 1586 appellati

122 1609 219 1644 sunt
248 1601 522 1655 ἑλκεχίτωνες
535 1600 580 1649 ²).
639 1599 759 1640 Poll.
794 1600 965 1640 Onom.
997 1600 1058 1640 IV.
1092 1602 1160 1641 71.
1190 1597 1263 1642 Ἐκ
1292 1599 1341 1641 δὲ
1361 1600 1485 1642 λίνου
1506 1601 1655 1650 λινοῦς

120 1670 271 1724 χιτών,
301 1667 353 1713 ὃν
380 1667 614 1726 Ἀθηναῖοι
648 1666 838 1724 ἐφόρουν
868 1667 1084 1723 ποδήρη
1108 1667 1180 1709 καὶ
1204 1666 1342 1717 αὖθις
1360 1665 1521 1718 Ἴωνες.
1566 1672 1653 1719 Quo

121 1741 283 1794 quidem
306 1741 461 1780 tunicae
482 1751 626 1792 genere
648 1738 770 1791 (quod
791 1742 929 1790 postea
951 1738 1109 1777 demum
1133 1737 1289 1779 brevior
1316 1739 1381 1778 illa
1401 1739 1652 1780 Doriensium

120 1809 255 1850 tunica
286 1809 454 1862 excepit)
485 1808 662 1860 Aeschyli
692 1812 870 1859 tempore
892 1806 1160 1859 opulentiores
1192 1820 1277 1848 esse
1298 1820 1403 1855 usoS,
1435 1816 1479 1848 ut
1500 1814 1654 1849 ceteros

120 1877 228 1918 locos
271 1882 584 1929 praetereamus,
628 1875 937 1917 luculentissime
983 1875 1232 1915 demonstrat
1268 1876 1488 1916 Eustath.
1531 1877 1579 1917 ad
1610 1877 1653 1917 ll.

119 1945 222 1986 XIII.
253 1945 350 1986 685.
381 1959 418 1999 p.
451 1946 546 1993 954,
578 1945 645 1985 47.
676 1946 841 1998 μέχρι
872 1941 969 1999 γάρ,
1014 1943 1151 1999 φασὶ,
1193 1943 1281 1999 τῆς
1324 1943 1655 1998 Περικλέους

123 2023 258 2069 στρα
275 2016 470 2069 τηγίας
515 2011 788 2068 ποδήρεις
825 2014 976 2065 εἶχον
1009 2011 1264 2065 χιτῶνας,
1308 2011 1545 2067 φοροῦντες
1580 2013 1655 2053 καὶ

122 2083 333 2134 τέττιγας.
345 2083 375 2133 ³)
428 2083 564 2135 Neque
594 2094 687 2122 vero
719 2081 882 2122 dubium
915 2087 987 2129 est,
1019 2081 1114 2134 quin
1143 2081 1239 2121 haec
1268 2080 1441 2122 tunica
1471 2082 1653 2123 talaris

121 2151 179 2201 (id
209 2151 314 2191 enim
345 2150 537 2203 significat
568 2145 798 2206 ποδήρης),
829 2151 953 2190 multo
986 2149 1108 2202 magis
1139 2149 1308 2190 honesta
1338 2151 1514 2203 profecto
1537 2156 1654 2204 atque

122 2219 274 2270 decora,
305 2231 426 2272 quam
457 2219 612 2260 brevior
633 2220 709 2266 illa,
739 2218 787 2259 ab
810 2219 1000 2271 Aeschylo
1023 2219 1286 2260 histrionibus
1307 2220 1359 2259 sit
1380 2220 1479 2260 data.
1509 2220 1652 2260 Bekk.

122 2289 300 2330 Anecd.
346 2302 384 2341 p.
432 2288 527 2328 746.
584 2285 783 2341 ε”μβαδας
834 2282 1025 2342 ἐφόρουν
1069 2286 1145 2328 καὶ
1190 2285 1387 2341 ἱμάτια
1430 2303 1498 2329 πο
1513 2286 1653 2344 δήρη.

121 2357 324 2398 Lucian.
355 2358 410 2396 Jo
423 2370 458 2396 v.
482 2357 700 2410 tragoed.
733 2369 764 2396 c.
789 2357 855 2396 41.
878 2356 920 2396 in
941 2356 1180 2397 histrionum
1203 2356 1376 2398 vestibus
1397 2357 1655 2399 nominantur

122 2426 352 2477 χιτῶνες
381 2419 655 2479 ποδήρεις.

238 2495 315 2535 Sed
333 2494 501 2535 interest
520 2499 656 2535 tamen
678 2493 824 2547 aliquid
845 2494 949 2534 inter
971 2494 1183 2545 vulgarem,
1214 2506 1290 2547 qua
1311 2499 1408 2534 tunc
1427 2495 1652 2542 utebantur,

221 2692 244 2732 ¹)
269 2690 320 2725 cf.
345 2702 375 2735 p.
405 2690 480 2723 124.

217 2747 244 2789 ²)
270 2748 377 2781 Hom.
403 2746 445 2780 ll.
469 2747 561 2781 Xlll.
586 2749 663 2782 685.

216 2803 243 2847 ³)
268 2802 329 2846 [Cf.
354 2803 504 2849 Thucyd.
530 2805 553 2839 Ι.
579 2807 610 2839 6.
637 2806 697 2839 καὶ
722 2806 760 2840 οἱ
775 2803 1006 2854 πρεσβύτεροι
1026 2802 1150 2843 αὐτοῖς
1167 2805 1251 2841 τῶν
1275 2804 1564 2853 εὐδαιμόνων
1588 2806 1652 2842 διὰ

125 2860 166 2896 τὸ
189 2859 423 2909 ἁβροδίαιτον
446 2859 493 2895 οὐ
518 2860 658 2900 πολὺς
684 2859 851 2908 χρόνος
884 2861 1008 2907 ἐπειδὴ
1039 2860 1200 2908 χιτῶνάς
1229 2860 1272 2897 τά
1299 2864 1420 2902 λινοῦς
1442 2862 1650 2903 ἐπαύσαντο

126 2920 325 2967 φοροῦντες
347 2921 408 2953 καὶ
426 2920 578 2965 χρυσῶν
601 2924 772 2967 τεττίγων
793 2921 930 2970 ἔνέρσει
954 2932 984 2955 κ.
1009 2933 1037 2955 τ.
1061 2923 1104 2965 t]
