2014 3204
778 195 1088 235 -177—

174 306 289 356 bulis,
320 310 464 363 quibus
497 310 712 364 Sophocles
742 311 911 363 primam
943 311 1022 366 sibi
1046 312 1195 364 pararit
1225 311 1440 360 victoriam,
1472 316 1607 352 ternos
1629 309 1700 351 ad-

172 377 322 419 hibitos
352 392 438 419 esse
469 384 634 420 actores.
693 378 907 428 Nimirum,
939 380 1273 432 quemadmodum
1304 379 1517 433 Aeschylus
1546 380 1587 420 in
1618 379 1699 432 pri-

174 447 251 488 mis
290 447 505 501 tragoediis
549 448 631 490 suis
669 447 787 488 unico
824 447 1034 500 Thespidis
1070 448 1126 488 illi
1165 448 1351 489 histrioni
1388 449 1554 489 alterum
1593 448 1700 489 adie-

176 518 290 566 cisse,
322 531 446 572 eaque
472 518 555 572 ipsa
584 530 630 557 re
664 515 713 556 ad
744 516 998 557 excolendam
1020 517 1259 569 tragoediam
1288 517 1698 558 accommodatissima

178 587 345 640 gloriam
375 587 451 628 sibi
479 586 682 640 peperisse
719 585 898 638 videtur,
932 586 990 626 sic
1021 585 1279 638 Sophoclem,
1320 585 1426 638 quod
1463 585 1590 626 tribus
1630 586 1702 626 de·-

176 669 287 697 mum
333 655 532 698 actoribus
571 653 754 696 adhibitis
792 651 941 694 absolvi
974 666 1092 707 posse
1131 653 1322 694 intellexit
1358 654 1580 705 tragoediae
1616 655 1701 694 for-

174 738 295 773 mam,
326 731 366 766 et
398 724 482 765 aliis
520 722 731 764 virtutibus
761 727 800 762 et
830 722 1011 775 augendo
1040 722 1291 775 potissimum
1321 727 1500 762 actorum
1532 734 1700 763 numero

176 793 351 834 effecisse
371 798 683 833 consentaneum
714 796 787 839 est,
817 797 862 831 ut
892 790 1014 832 victor
1044 804 1090 831 ex
1120 790 1251 843 primo
1282 790 1495 831 certamine
1524 790 1703 831 discede-

174 860 293 912 ret¹).
341 859 487 902 Mutata
512 867 571 901 est
593 859 697 900 enim
720 864 759 899 et
779 860 931 900 exculta
951 859 1071 900 simul
1092 872 1182 900 cum
1214 864 1328 900 aucto
1360 859 1601 900 histrionum
1623 872 1700 900 nu—

175 941 287 970 mero
308 928 422 969 etiam
451 928 572 981 ipsius
593 928 813 980 tragoediae
835 927 1066 981 compositio
1093 932 1211 981 atque
1228 927 1502 969 conformatio.
1544 928 1702 969 Collau—

175 997 263 1039 data
283 1002 414 1038 autem
443 995 598 1050 publice
619 995 694 1036 hac
717 995 935 1037 mutatione
956 995 1053 1036 nihil
1075 1001 1173 1044 erat,
1195 1008 1265 1037 cur
1291 1008 1335 1036 ea
1360 1008 1443 1037 non
1465 1001 1504 1036 et
1528 997 1701 1038 sancire·

174 1070 239 1107 tur
267 1065 424 1119 publice
453 1072 492 1105 et
530 1064 579 1105 ab
607 1064 797 1117 Aeschylo
826 1063 1082 1118 reciperetur.
1142 1065 1255 1113 Quod
1287 1070 1419 1105 autem
1451 1064 1493 1105 C.
1525 1065 1570 1105 F.
1601 1065 1702 1107 Her-

175 1147 345 1176 mannus
375 1132 515 1183 dixit2)
553 1134 707 1174 tertiam
739 1146 787 1173 ex
816 1132 947 1174 tribus
977 1133 1050 1175 illis
1080 1133 1286 1187 personis,
1319 1133 1504 1186 quoniam
1535 1145 1701 1187 praeco-

174 1204 237 1244 nis
275 1209 400 1251 esset,
444 1203 557 1243 facile
595 1201 741 1255 suscipi
778 1202 956 1255 potuisse
992 1201 1040 1242 ab
1078 1215 1126 1243 eo
1164 1214 1380 1255 praecone,
1425 1202 1493 1255 qui
1531 1202 1574 1242 in
1614 1216 1702 1244 cer-

175 1271 392 1313 taminibus
433 1270 623 1312 scaenicis
671 1270 806 1311 adesse
850 1270 1014 1315 soleret,
1057 1270 1097 1310 id
1140 1270 1372 1323 priusquam
1416 1270 1569 1311 idoneis
1612 1272 1702 1325 qui-

174 1339 340 1382 busdam
378 1340 560 1381 firmetur
600 1338 870 1387 documentis,
912 1338 1129 1379 verendum
1171 1344 1233 1379 est
1273 1351 1324 1380 ne
1371 1339 1589 1392 speciosius
1637 1339 1700 1388 sit,

176 1421 296 1462 quam
316 1408 459 1449 verius.

223 1513 227 1515 ,
286 1476 424 1517 Finem
461 1475 577 1517 faciat
612 1475 844 1524 Orestea,
880 1486 997 1528 quam
1035 1475 1076 1514 in
1117 1475 1303 1515 extremis
1340 1475 1518 1530 Aeschyli
1559 1475 1702 1518 fabulis

172 1544 298 1586 ruisse
335 1550 503 1586 constat.
567 1544 613 1584 In
652 1544 763 1585 cuius
802 1543 978 1596 trilogiae
1014 1544 1140 1596 prima
1177 1551 1308 1597 parte,
1353 1557 1454 1598 quae
1492 1545 1701 1598 Agamem-

172 1614 289 1655 nonis
320 1613 481 1654 nomine
511 1620 572 1654 est
599 1613 801 1667 inscripta,
831 1612 928 1653 haec
957 1617 1019 1652 est
1049 1612 1251 1654 actionum
1282 1613 1526 1667 disscriptio:

1161 1729 1325 1764 Actorum
1350 1738 1520 1763 numerus.

171 1822 203 1863 1.
306 1822 450 1863 Custos
480 1835 514 1863 v.
551 1821 688 1863 1-39
745 1850 1251 1862 ........
1314 1825 1351 1863 1.

173 1891 223 1931 11.
312 1891 462 1932 Chorus
493 1891 601 1932 solus
631 1904 665 1931 v.
696 1891 894 1932 40-254
964 1921 973 1931 .
1034 1922 1042 1930 .
1104 1922 1113 1940 ,
1176 1922 1185 1931 .
1245 1921 1255 1930 .
1317 1891 1354 1931 Ο.

172 1958 240 2000 ΙΠ.
314 1959 619 2014 Clytaemnestra
647 1973 685 1999 v.
715 1958 941 2001 255—488
1033 1990 1041 1998 .
1103 1991 1111 2000 .
1174 1991 1182 1999 .
1244 1990 1253 1999 .
1318 1961 1353 1999 1.

172 2028 222 2069 lv
314 2028 634 2082 Clytaemnestra,
664 2028 826 2078 Praeco,
857 2029 1010 2070 Chorus

237 2127 241 2130 ,
438 2109 474 2136 v.
506 2096 731 2138 489—598
821 2126 1254 2138 .......
1314 2096 1352 2135 2.

172 2165 218 2206 V.
312 2165 460 2207 Praeco
492 2170 531 2206 et
560 2165 713 2207 Chorus
741 2179 777 2206 v.
809 2165 1034 2207 599-666
1101 2195 1110 2204 .
1172 2195 1181 2204 .
1244 2194 1253 2203 .
1317 2165 1354 2203 1.

172 2233 233 2274 vl.
311 2234 462 2275 Chorus
493 2235 600 2276 solus
630 2248 667 2275 v.
698 2234 923 2276 667—756
965 2262 1256 2274 .....
1317 2235 1356 2272 0.

172 2301 252 2342 vll.
310 2302 575 2356 AgamemnO,
623 2303 838 2344 Cassandra
885 2303 1061 2354 (tacet),
1106 2300 1258 2342 Chorus

443 2382 480 2410 V.
500 2369 734 2411 757—828
823 2399 1254 2410 .......
1316 2369 1341 2408 2
1374 2367 1417 2421 (1
1453 2368 1596 2422 tacet).

175 2438 274 2479 v111.
315 2438 571 2491 Agamemno,
594 2439 811 2480 Cassandra
829 2437 987 2492 (tacet),
1009 2438 1261 2491 Clytaemne-

441 2513 534 2556 stra,
564 2507 719 2549 Chorus
749 2519 784 2547 v.
817 2505 1042 2548 829—948
1103 2536 1113 2546 .
1176 2535 1186 2545 .
1247 2534 1256 2544 .
1320 2504 1343 2544 3
1377 2502 1421 2557 (1
1454 2503 1592 2558 tacet).

175 2574 239 2615 lx.
316 2576 532 2618 Cassandra
555 2575 700 2631 (tacet)
724 2582 763 2618 et
779 2576 929 2618 Chorus
951 2589 986 2616 v.
1008 2573 1262 2616 949—1004
1325 2574 1345 2613 1
1380 2571 1538 2626 (tacet).

269 2743 293 2786 ¹)
316 2745 366 2779 De
390 2745 538 2780 victoria
561 2745 623 2779 illa
648 2744 754 2789 prima
779 2754 797 2778 a
823 2743 988 2788 Sophocle
1019 2745 1194 2786 reportata
1226 2739 1267 2774 cf.
1294 2739 1319 2773 P
1336 2739 1419 2773 lut.
1445 2736 1580 2772 Thes.
1599 2750 1627 2772 e.
1647 2739 1706 2775 36.

177 2800 339 2835 Cimon
363 2813 391 2835 c.
418 2803 449 2835 8.
474 2802 672 2844 Schiill,
697 2801 895 2845 Sophukles.
944 2800 1022 2834 Sein
1048 2800 1161 2833 Leben
1186 2799 1253 2832 und
1278 2797 1426 2832 Wirken
1450 2807 1480 2840 p.
1507 2795 1550 2828 32
1575 2806 1645 2840 sqq.

268 2858 298 2901 Ι)
322 2858 478 2893 Berliner
502 2859 708 2892 Jahrbiicher
734 2858 788 2891 fiir
811 2855 1142 2892 wissenschaftliche
1168 2855 1294 2889 Rritik.
1347 2854 1445 2888 1843.
1470 2864 1500 2897 p.
1526 2853 1603 2886 412.

213 2926 240 2954 J.
261 2926 489 2958 Sommerbrodt,
509 2927 657 2955 scaenica.
1424 2924 1466 2957 12
