2014 3204
4 1029 11 1035 -
5 935 22 980 Y&
4 879 20 918 *⁴:1¹0*
8 815 12 825 ‚o
4 798 5 802 „

204 1085 400 1138 Quoniam
431 1095 629 1136 divendita
661 1100 755 1134 sunt
786 1092 1096 1146 disputationum
1138 1103 1315 1132 mearum
1345 1091 1393 1130 de
1429 1089 1610 1141 Aeschyli

48 1161 50 1163 ‚
93 1183 137 1212 re
167 1167 343 1210 scaenica
377 1165 550 1218 exempla
582 1164 970 1204 Weidmannoru
985 1175 1021 1201 m
1054 1173 1172 1201 curae
1203 1160 1433 1206 commissa,
1472 1158 1618 1211 insigni

36 1258 37 1261 ¹
98 1251 238 1280 eorum
269 1235 486 1277 industriae
517 1247 598 1274 non
630 1234 757 1273 solum
788 1233 860 1271 has
892 1232 1022 1271 denuo
1055 1231 1182 1275 edere,
1229 1229 1296 1268 sed
1343 1228 1460 1268 etiam
1504 1227 1619 1280 quid-

16 1317 37 1358 ᾗ
98 1308 192 1362 quid
231 1306 350 1346 huius
391 1303 546 1356 generis
582 1316 603 1343 a
647 1316 711 1342 me
756 1301 900 1354 passim
948 1300 989 1340 in
1034 1300 1252 1339 litterarum
1298 1298 1504 1338 annalibus
1549 1297 1617 1336 ali-

94 1377 182 1419 bive
212 1375 401 1428 scriptum
441 1378 566 1412 exstat
595 1372 806 1423 adiungere
835 1369 992 1422 placuit.
1051 1368 1136 1416 Quo
1167 1368 1312 1408 factum
1345 1373 1424 1416 est,
1460 1373 1506 1407 ut
1536 1366 1618 1406 solo

94 1444 224 1486 libello
245 1455 333 1484 meo
364 1442 432 1495 qui
460 1441 690 1481 inscribitur
734 1439 828 1487 „das
859 1437 1152 1489 altgriechiscbe
1173 1437 1414 1485 Theater“¹)
1456 1441 1619 1488 excepto

96 1512 227 1554 omnia
267 1524 366 1564 quae
407 1511 453 1551 ad
489 1523 575 1550 rem
615 1509 831 1550 scaenicam
870 1511 1050 1560 spectant
1087 1506 1164 1546 iam
1206 1506 1282 1545 hoc
1311 1518 1392 1547 uno
1424 1506 1620 1546 volumine

55 1599 57 1604 ’
103 1581 387 1635 comprehensa
419 1580 562 1620 iterum
593 1579 798 1632 prodeant.

209 1718 378 1759 Exhibui
423 1722 552 1765 autem
597 1716 784 1769 pleraque
844 1716 959 1756 sicuti
1015 1714 1107 1754 olim
1155 1713 1298 1766 scripta
1351 1717 1457 1753 sunt.
1534 1712 1622 1752 Sola

98 1801 146 1828 ex
188 1787 489 1839 Aeschylearum
535 1785 844 1837 disputationum
890 1797 934 1824 ea
979 1789 1088 1836 parte
1137 1795 1234 1835 quae
1278 1787 1336 1822 est
1382 1782 1430 1821 de
1476 1786 1622 1821 ornatu

97 1856 339 1896 histrionum
388 1854 598 1901 nonnulla,
637 1866 736 1906 quae
771 1866 910 1906 parum
949 1859 1053 1893 certa
1093 1851 1340 1898 viderentur,
1379 1850 1542 1896 sustuli3
1583 1850 1623 1889 in

97 1925 262 1978 reliquis
307 1924 480 1963 eiusdem
524 1922 660 1974 capitis
697 1922 951 1962 emendandis
997 1920 1165 1973 eleganti
1204 1920 1273 1959 viri
1318 1919 1624 1970 ingeniosissimi

101 1994 318 2047 Adolphi
349 1991 607 2032 Michaelis
647 1991 788 2031 iudicio
829 2004 873 2031 ac
910 1989 1073 2030 consilio
1103 2001 1198 2028 usus
1229 2001 1330 2028 sum.
1392 1989 1501 2036 Quae
1532 2000 1623 2027 vero

107 2062 251 2110 addidi,
282 2067 328 2102 ut
358 2060 532 2114 dignosci
563 2065 738 2113 possent,
771 2059 882 2100 uncis
913 2059 1064 2099 inclusi.

216 2200 399 2240 Ceterum
441 2211 556 2251 quam
593 2210 752 2256 semper
782 2203 942 2237 auctore
972 2196 1055 2236 viro
1087 2194 1301 2236 immortali
1332 2194 1494 2234 Godof
1503 2194 1621 2234 redo

102 2269 389 2310 Hermanno
420 2267 461 2307 in
488 2267 629 2308 studiis
661 2267 758 2307 meis
789 2267 992 2319 professus
1024 2277 1112 2305 sum
1144 2263 1343 2304 nesciendi
1366 2268 1502 2309 artem,
1540 2275 1625 2303 eam

103 2349 214 2378 nunc
245 2350 334 2377 cum
366 2337 534 2377 maxime
560 2336 606 2375 in
637 2336 710 2376 hac
741 2335 1015 2376 obscurissima
1048 2333 1292 2386 antiquitatis
1322 2338 1431 2385 parte
1462 2332 1625 2372 investi-

102 2406 228 2459 ganda
261 2405 379 2445 etiam
411 2410 527 2458 atque
558 2405 675 2445 etiam
706 2404 1004 2445 commendasse
1034 2403 1126 2443 satis
1157 2401 1295 2442 habeo.

215 2543 371 2592 Restat,
409 2549 452 2583 ut
490 2548 646 2595 praeter
684 2556 771 2590 eoS‚
811 2555 981 2595 quorum
1012 2541 1156 2593 scripta
1187 2539 1361 2580 scaenica
1392 2537 1466 2578 alio
1499 2537 1625 2586 loc02)

105 2612 347 2661 enumeravi,
377 2613 419 2652 in
450 2612 587 2665 primis
618 2612 682 2652 hic
712 2611 872 2651 honoris
904 2623 1019 2651 causa
1051 2620 1362 2650 commemorem
1394 2606 1479 2645 Alb.
1507 2606 1627 2645 Mol-

102 2682 260 2722 lerum
294 2687 334 2721 et
353 2681 598 2722 Fridericum
620 2681 971 2728 Wieselerum‚
1002 2691 1171 2732 quorum
1203 2678 1311 2723 alter,
1344 2675 1436 2728 quid
1467 2674 1514 2715 ab
1545 2674 1627 2714 aliis

199 2846 224 2886 ¹)
249 2844 430 2886 stuttgart.
483 2844 578 2877 1865.

197 2901 222 2944 ²)
248 2900 313 2935 Das
339 2902 599 2942 altgriechische
624 2902 780 2935 'rheaten
833 2912 861 2944 p.
889 2900 930 2933 78
943 2910 1009 2943 sqq.
