2014 3204
951 235 1258 275 —170-

348 365 368 392 a
408 351 594 392 Muellero
637 355 674 392 et
713 351 954 392 Bernhardio
992 351 1115 394 allatis
1152 352 1412 394 assentientes
1452 365 1537 394 eam
1576 353 1634 395 Ol.
1665 355 1732 402 76,
1763 355 1788 395 4
1817 354 1858 396 in

348 432 487 460 scaena
517 426 642 463 actam
674 433 762 460 esse
792 433 1032 462 censeamus.

461 489 647 542 Sequitur
683 489 1037 539 Prometheus,
1082 490 1123 531 in
1166 503 1242 544 quo
1281 491 1376 532 haec
1412 496 1472 532 est
1508 497 1686 545 actorum
1724 493 1860 535 distri-

346 554 476 596 buflo:

1506 630 1668 663 Actorum
1692 641 1859 665 numerus.

478 696 506 736 Ι.
608 697 880 745 Prometheus,
902 697 1110 745 Vulcanus,
1131 697 1274 738 Robur.
1298 698 1362 738 Vis
1383 712 1419 739 v.
1444 699 1579 741 1—-87
1619 731 1628 741 .
1688 702 1727 741 4.

479 766 522 807 ΙΙ.
615 766 875 807 Prometheus
907 767 1013 807 solus
1046 779 1077 806 v.
1110 765 1304 807 88—127
1340 799 1633 809 .....
1692 770 1726 810 1.

478 835 541 875 ΙΙΙ.
611 835 870 876 Prometheus
903 842 941 877 et
971 836 1123 877 Chorus
1153 849 1185 876 v.
1223 835 1441 878 128—283
1483 869 1491 878 .
1553 869 1562 878 .
1623 869 1632 878 .
1691 841 1727 880 1.

477 903 537 944 IV.
612 904 884 953 Prometheus,
915 905 1107 952 Oceanus,
1140 905 1290 946 Chorus
1319 920 1351 945 v.
1376 905 1627 948 284-396.
1687 908 1712 948 2

477 973 521 1013 V.
610 974 867 1015 Prometheus
898 980 937 1015 et
968 974 1118 1015 Chorus
1150 987 1183 1015 v,
1218 975 1298 1016 397
1316 999 1332 1002 --
1360 974 1440 1016 859
1463 1007 1472 1015 .
1532 1007 1541 1016 .
1617 1007 1626 1016 .
1691 977 1725 1016 1.

476 1042 536 1082 VI.
611 1043 887 1092 Prometheus,
919 1044 973 1092 Io,
1006 1043 1157 1084 Chorus
1189 1057 1222 1084 V.
1254 1043 1476 1085 860—888
1549 1077 1556 1085 .
1619 1076 1628 1086 .
1688 1046 1725 1086 2.

476 1111 555 1151 VII.
617 1112 877 1153 Prometheus
908 1118 948 1152 et
977 1112 1126 1153 Chorus
1156 1126 1190 1153 v.
1223 1111 1443 1153 889-945
1476 1144 1484 1152 .
1545 1145 1553 1154 .
1617 1145 1626 1154 .
1688 1115 1707 1154 1

476 1180 571 1222 VIII.
603 1180 875 1226 Prometheus,
899 1179 1126 1229 Mercurius,
1147 1181 1298 1222 Chorus
1318 1195 1352 1222 ν.
1380 1181 1627 1223 946--1081
1688 1183 1726 1223 2.

474 1249 538 1289 IX.
608 1249 866 1290 Prometheus
898 1254 937 1289 et
966 1249 1117 1290 Chorus
1148 1263 1182 1289 v.
1217 1250 1493 1291 1082-1095
1551 1281 1559 1291 .
1619 1281 1628 1290 .
1689 1252 1726 1292 1.

455 1319 563 1367 Quae
585 1319 741 1372 quidem
763 1318 891 1358 fabula
913 1318 1078 1358 maiores
1099 1318 1140 1358 in
1169 1319 1240 1360 hac
1270 1333 1312 1360 re
1342 1320 1476 1360 turbas
1509 1319 1697 1360 excitavit.
1758 1320 1856 1361 Nam

342 1400 433 1428 cum
464 1388 755 1441 simplicissima
785 1388 836 1428 sit
864 1387 980 1428 huius
1019 1388 1246 1438 tragoediae
1284 1388 1514 1441 compositio
1553 1394 1591 1429 et
1630 1389 1714 1430 fere
1752 1400 1858 1430 nun-

342 1470 458 1510 quam
486 1458 574 1510 plus
606 1457 704 1498 duae
733 1458 775 1497 in
806 1469 946 1497 scaena
978 1456 1230 1497 inveniantur
1258 1469 1460 1510 personae,
1493 1458 1637 1498 mirum
1669 1463 1740 1503 est,
1777 1458 1856 1498 ini—

341 1526 395 1565 tio
432 1526 473 1566 in
514 1539 695 1567 scaenam
732 1526 888 1580 prodire
929 1530 1123 1578 quattuor.
1184 1526 1232 1566 Et
1269 1531 1430 1579 quartae
1468 1526 1623 1579 quidem
1663 1539 1857 1580 personae

342 1595 547 1636 difficultas
578 1596 689 1636 facile
728 1600 859 1648 potest
889 1595 1076 1647 superari.
1135 1595 1231 1634 Nam
1264 1609 1352 1635 cum
1383 1595 1445 1635 Vis
1478 1595 1574 1635 nihil
1601 1608 1766 1648 prorsus
1795 1597 1855 1637 lo—

341 1670 497 1716 quatur,
529 1676 610 1704 non
641 1665 702 1705 illa
733 1664 891 1717 quidem
922 1664 962 1703 in
996 1669 1175 1704 actorum
1206 1677 1417 1705 numerum
1438 1670 1568 1718 potest
1587 1665 1735 1706 referri.
1786 1665 1855 1705 Est

343 1733 446 1773 enim
487 1732 672 1789 κωφὸν
710 1734 769 1774 vel
807 1732 966 1774 κενὸν
1004 1734 1108 1786 quod
1153 1733 1296 1773 dicitur
1339 1731 1703 1788 neo'o‘mnost),
1755 1747 1854 1787 quae

342 1815 430 1842 cum
462 1808 568 1844 muta
599 1803 694 1851 sint,
726 1803 960 1843 histrionum
998 1802 1051 1842 nil
1088 1801 1231 1843 habent
1271 1802 1345 1842 nisi
1382 1815 1589 1855 personam
1629 1807 1668 1842 et
1705 1808 1853 1843 vestem

341 1876 379 1911 et
409 1872 595 1912 habitum.
656 1872 908 1925 (Hippocr.
941 1869 1114 1925 Νόμοςι
1145 1866 1400 1925 ὁμοιότατοι
1431 1869 1513 1926 γάρ
1544 1871 1659 1912 εἰσιν
1689 1868 1732 1912 οἳ
1761 1884 1856 1912 τοι-

341 1939 436 1981 οίδε
454 1947 573 1982 τοῖσι
596 1941 993 1995 παρεισαγομένοις
1016 1938 1328 1995 προσώποισιν
1349 1936 1395 1981 ἕν
1415 1940 1513 1998 τῇσι
1540 1938 1855 1998 τραγῳδίῃσιν·

340 2003 399 2057 οἷς
419 2009 500 2064 γὰρ
522 2008 680 2051 ἐκεῖνοι
704 2010 847 2065 σχῆμα
868 2008 946 2065 μὲν
967 2009 1040 2050 καὶ
1071 2008 1227 2064 στολὴν
1247 2008 1320 2050 καὶ
1350 2007 1589 2064 πρόσωπον
1618 2006 1856 2064 ὑποκριτοῦ

340 2077 530 2131 ἔχουσιν,
575 2077 651 2120 οὐκ
682 2079 767 2120 εἶσὶ
800 2078 849 2120 δὲ
878 2076 1113 2134 ὑποκριταί
1145 2094 1180 2119 κ.
1211 2093 1246 2119 τ.
1277 2077 1313 2119 λ.
1374 2079 1489 2119 Cuius
1524 2079 1677 2130 generis
1716 2090 1854 2119 omnes

339 2154 433 2189 sunt
469 2149 692 2202 pedisequi,
730 2150 851 2197 servi,
893 2149 1037 2204 quique
1064 2148 1244 2201 -denique
1283 2160 1435 2201 regem,
1473 2147 1671 2200 reginam,
1709 2147 1853 2187 aliosve

339 2216 479 2256 armati
515 2215 752 2255 comitantur
789 2214 1206 2273 (doncpqu'uocvff).
1274 2216 1348 2257 Sed
1379 2229 1429 2257 ne
1459 2222 1540 2257 tres
1571 2216 1740 2270 quidem,
1783 2217 1851 2270 qui

338 2283 414 2324 iam
446 2284 705 2336 reliquuntur,
738 2290 888 2326 actores
918 2287 1022 2327 ferre
1052 2290 1220 2339 possunt
1249 2285 1297 2337 ii,
1334 2286 1400 2338 qui
1429 2286 1471 2326 in
1509 2286 1645 2338 primis
1675 2285 1852 2338 Aeschyli

337 2352 476 2394 fabulis
527 2353 628 2393 hanc
681 2355 923 2406 tragoediam
975 2356 1097 2396 fuisse
1149 2360 1316 2396 censent
1335 2352 1380 2406 ³).
1461 2355 1559 2396 Nam
1611 2367 1702 2395 cum
1753 2366 1850 2394 con-

432 2522 454 2561 ¹)
479 2519 636 2552 Lucian
662 2518 758 2551 Tox.
784 2530 812 2551 c.
838 2519 867 2551 9.
892 2513 966 2551 ἀλλ’
1000 2515 1045 2561 ἦν
1073 2530 1147 2551 που
1171 2519 1276 2562 φίλος
1299 2517 1442 2559 δεηθεὶς
1463 2518 1566 2565 τύχῃ,
1599 2518 1720 2551 αῖῐίκα
1742 2512 1852 2563 μάλα,

338 2573 462 2623 ὥσπερ
498 2574 540 2609 τὰ
579 2573 764 2623 ὀνείρατα,
801 2577 962 2620 οἴχονται
997 2573 1086 2621 ὑμῖν
1123 2575 1161 2609 ἐκ
1191 2574 1317 2610 ποδῶν
1351 2570 1616 2620 ἀποπτάμεναι
1651 2575 1689 2607 αἱ
1721 2575 1853 2608 πολλαὶ

337 2632 471 2667 ἐκεῖναι
493 2633 707 2680 τραγῳδίαι,
737 2636 830 2671 τοῖς
859 2635 1004 2670 κενοῖς
1032 2627 1209 2670 τούτοις
1239 2633 1309 2666 καὶ
1343 2634 1514 2678 κωφοῖς
1544 2633 1854 2677 προσωπείοις

335 2688 494 2728 ἐοικότας
516 2688 611 2735 ὑμᾶς
633 2687 904 2734 ἀπολιποῦσαι,
930 2687 955 2724 (ἳ
979 2690 1179 2738 διῃρημένα
1204 2689 1244 2724 τὸ
1271 2685 1408 2734 στόμα,
1439 2691 1499 2723 καὶ
1527 2690 1767 2735 παμμέγεθες
1795 2699 1851 2723 κε-

332 2743 480 2795 χῃνότα,
505 2746 586 2783 οὐδὲ
609 2746 649 2782 τὸ
674 2745 917 2794 σμικρότατον
942 2749 1153 2794 φθέγγεται.

427 2806 453 2848 ²)
478 2807 613 2840 Schol.
651 2806 813 2839 Lucian.
850 2807 1048 2850 quomodo
1085 2807 1240 2840 histor.
1278 2806 1337 2839 sit
1361 2805 1578 2839 conscrib.
1604 2815 1633 2838 c.
1659 2805 1689 2838 4.
1716 2803 1851 2850 δορυ-

337 2857 539 2908 φόρημα,
564 2861 670 2898 κενὸν
693 2867 938 2911 προσωπεῖον.
1675 2863 1677 2866 “

427 2919 454 2962 ³)
481 2922 755 2965 Schoemann,
780 2921 838 2954 des
863 2921 1050 2966 Aeschylos
1075 2919 1274 2963 gefesselter
1298 2921 1514 2955 Prometheus
1539 2931 1569 2966 p.
1595 2920 1647 2954 84.
1697 2918 1850 2962 Franz,
