2014 3204
927 242 1095 282 --42
1154 254 1227 273 --·

305 372 400 412 quae
431 359 619 399 Athenaei
654 364 773 397 aetate
810 360 851 396 in
889 370 962 397 usu
1005 360 1100 410 suit,
1141 362 1293 411 primus
1330 362 1599 401 introduoeerat
1635 363 1833 415 Bathyllus

304 427 603 475 Alemandriuus,
636 438 744 478 quem
774 426 936 478 leyitime
966 427 1124 467 saltasse
1157 430 1210 468 ait
1231 428 1422 468 Seleucus.
1483 429 1593 470 Hunc
1613 431 1832 483 Bathyllum

304 496 434 535 scribit
463 494 695 536 Aristonicus
725 501 759 534 et
790 494 990 546 Pyladem,
1031 498 1136 535 citius
1173 504 1295 536 eoestat
1325 500 1434 537 etiam
1467 502 1759 540 commentarius
1787 501 1832 541 de

303 564 519 614 saltatione,
562 563 736 603 Italicam
772 563 1011 603 saltationem
1053 567 1300 616 composuisse
1330 565 1566 620 (instituisse)
1597 579 1647 607 ew
1676 571 1831 617 comica,

306 645 401 684 quae
433 633 582 672 cordam
612 631 834 678 vocabatur,
868 644 918 672 em
947 635 1103 684 traque,
1136 646 1230 685 quae
1259 635 1466 675 vocabatur
1496 637 1679 688 emmena,
1719 644 1754 678 et
1781 650 1832 679 ew

303 703 484 753 satyrica,
516 703 611 754 quae
641 703 796 740 sicinnis
826 700 1131 753 appellabatur.“

416 770 465 809 Et
495 770 668 821 primum
701 769 860 821 quidem
893 770 1113 815 manifesta,
1153 770 1229 809 nisi
1257 770 1380 818 fallor,
1420 784 1520 823 quae
1552 772 1686 812 statim
1717 773 1832 815 initio

304 838 613 891 deprehenditur
633 838 866 890 corruptela,
889 838 935 878 ad
958 851 1080 878 unum
1103 851 1242 878 omnes
1255 839 1366 879 latuit
1388 840 1635 893 interpretes.
1666 841 1831 882 Maximo

303 908 408 947 enim
440 919 558 959 opere
589 907 761 953 offendit,
793 907 899 958 quod
922 919 1021 958 quae
1043 907 1197 947 saltatio
1221 921 1267 947 ex
1287 909 1443 960 tragica,
1475 911 1651 961 satyrica,
1683 911 1831 952 comica

304 976 470 1015 conflata
518 988 605 1014 esse
651 975 811 1022 dicitur,
858 988 902 1015 ea
949 975 1172 1026 tragicae
1214 989 1362 1017 nomen
1407 978 1605 1019 invenisse
1651 981 1830 1020 traditur.

303 1045 440 1096 Neque
484 1056 592 1091 vero,
639 1057 726 1084 cum
774 1050 886 1083 antea
932 1044 1008 1083 iam
1054 1050 1223 1084 exstaret
1267 1046 1457 1097 tragicum
1503 1049 1667 1089 saltandi
1707 1061 1831 1101 genus

305 1114 534 1164 (emmena),
567 1114 906 1165 pantomimorum
938 1117 1063 1152 artem
1094 1113 1295 1165 probabile
1326 1120 1385 1154 est
1415 1116 1601 1168 tragicam
1624 1118 1832 1170 praecipue

301 1196 387 1223 esse
419 1184 674 1230 nominatam,
707 1195 796 1222 cum
827 1181 1056 1233 praesertim
1089 1194 1131 1221 ea
1163 1194 1214 1221 ne
1244 1183 1388 1234 tragica
1420 1185 1580 1236 quidem
1610 1192 1716 1226 esset
1737 1187 1830 1233 sola,

302 1251 371 1292 sed
394 1251 511 1291 etiam
533 1251 579 1291 ad
603 1250 847 1290 comoediam
872 1255 988 1301 atque
1010 1250 1221 1301 satyricum
1245 1251 1377 1292 drama
1399 1253 1626 1304 pertineret.
1657 1254 1829 1303 Accedit,

301 1321 404 1372 quod
436 1321 571 1359 eadem
604 1321 679 1360 hoc
709 1319 794 1371 ipso
826 1323 964 1358 nostro
1002 1319 1087 1358 loco
1126 1318 1240 1371 paulo
1271 1325 1361 1370 post
1390 1321 1608 1372 appellatur
1636 1322 1830 1363 Italica.

301 1390 427 1437 Quam
460 1389 509 1429 ob
540 1402 626 1429 rem
646 1400 726 1427 non
749 1387 900 1434 dubito,
932 1387 1029 1439 quin
1050 1399 1121 1438 pro
1142 1386 1216 1440 τῆς
1238 1385 1287 1426 δὲ
1308 1386 1419 1427 κατὰ
1438 1389 1593 1429 τοῦτον
1615 1386 1832 1444 ὀρχήσεως

300 1457 375 1510 τῆς
404 1456 659 1510 τραγικῆς
687 1454 954 1510 καλουμένης
974 1456 1184 1506 legendum
1205 1455 1255 1494 sit
1282 1455 1356 1509 τῆς
1371 1452 1650 1512 Ἰταλικῆς
1670 1457 1832 1500 καλου-

301 1526 444 1579 μένης.
501 1526 610 1573 Quae
632 1524 790 1577 quidem
815 1524 1039 1564 emendatio
1062 1530 1101 1563 et
1121 1536 1209 1564 cum
1233 1525 1490 1576 sequentibus
1512 1526 1658 1567 verbis:
1679 1527 1831 1569 τοῦτον

300 1593 375 1634 τὸν
410 1590 667 1642 Βάθυλλον,
700 1593 837 1647 φησὶν
861 1589 1179 1646 Ἀριστόνικος,
1221 1590 1296 1633 καὶ
1326 1590 1540 1648 Πυλάδην
1569 1593 1663 1649 την
1686 1592 1829 1636 Ἰτα-

300 1660 462 1715 λικην
494 1658 723 1715 ὄρχησιν
754 1658 1064 1715 συστήσασθαι
1097 1676 1133 1701 κ.
1163 1676 1198 1701 τ.
1231 1660 1268 1702 λ.
1301 1662 1448 1714 optime
1477 1664 1660 1712 concinit,
1692 1669 1728 1704 et
1749 1669 1830 1705 tota

300 1731 427 1770 nostri
457 1730 531 1770 loci
562 1730 806 1782 expositione
836 1731 988 1782 egregie
1020 1730 1328 1770 confirmabitur.
1382 1731 1561 1783 Denique
1579 1738 1623 1772 ut
1642 1733 1830 1785 tragicam

300 1813 385 1839 eam
417 1800 649 1852 appellatam
680 1800 800 1839 fuisse
831 1799 984 1839 nullum
1015 1804 1217 1851 praeterea
1239 1801 1522 1840 documentum
1545 1814 1624 1854 quo
1647 1814 1830 1854 compro-

299 1868 416 1908 betur
461 1873 606 1914 exstat,
653 1868 708 1907 sic
744 1868 899 1908 Italicae
930 1868 1085 1908 nomini
1122 1869 1311 1921 permulti
1350 1869 1403 1909 illi
1432 1870 1525 1917 loci,
1572 1870 1639 1922 qui
1671 1883 1759 1910 eam
1788 1870 1830 1911 in

298 1936 407 1977 Italia
445 1937 647 1976 inventam
686 1937 960 1989 excultamque
990 1936 1115 1977 fuisse
1147 1937 1440 1986 demonstrant,
1483 1951 1682 1979 summam
1711 1939 1830 1980 fidem

300 2005 523 2046 conciliant.

414 2073 492 2113 Sed
524 2085 642 2125 quam
671 2074 834 2113 tandem
865 2074 1103 2114 sententiam
1125 2074 1167 2114 in
1188 2074 1235 2114 iis
1259 2074 1387 2114 verbis
1408 2074 1534 2115 inesse
1554 2075 1831 2134 iudicabimus,

302 2142 446 2195 quibus
479 2142 640 2194 Pylades
672 2147 789 2194 atque
818 2141 1019 2193 Bathyllus
1041 2143 1389 2194 composuisse
1410 2144 1470 2183 vel
1491 2145 1829 2186 constituisse

300 2212 486 2251 dicuntur
506 2210 679 2250 Italicam
701 2210 944 2250 saltationem
974 2222 1020 2249 ex
1049 2211 1206 2262 tragica,
1238 2212 1413 2264 satyrica,
1445 2211 1623 2252 comica?
1653 2213 1766 2261 Quod
1796 2215 1830 2255 si

300 2279 348 2318 de
393 2279 627 2318 confusione
672 2278 841 2330 quadam
885 2279 1007 2319 trium
1053 2279 1209 2320 illorum
1251 2281 1417 2321 saltandi
1453 2293 1643 2333 generum
1681 2282 1828 2323 dictum

299 2353 416 2394 esset,
446 2347 628 2399 ineptum
658 2347 753 2386 illud
785 2360 876 2387 cum
908 2348 1091 2400 Grysario
1123 2361 1338 2389 censerem.

412 2415 570 2456 Etenim
609 2421 719 2455 tanto
759 2428 803 2456 ea
845 2415 1072 2456 discrimine
1114 2417 1397 2469 seimguntur,
1440 2422 1484 2458 ut
1520 2419 1737 2459 coalescere
1767 2419 1829 2459 vix

299 2485 464 2538 possint.
527 2485 656 2537 Atque
687 2484 940 2536 cognoscitur
972 2485 1100 2525 omnis
1131 2486 1173 2524 in
1203 2487 1410 2526 saltatione
1448 2487 1650 2527 diversitas
1690 2499 1737 2527 ex
1767 2487 1829 2527 di-

299 2566 422 2600 versa,
454 2558 498 2593 ut
528 2553 582 2593 ita
612 2553 750 2601 dicam,
781 2553 920 2593 morali
951 2553 1092 2593 indole.
1154 2555 1257 2595 Haec
1286 2559 1417 2595 autem
1439 2555 1590 2595 indoles
1618 2555 1659 2595 in
1681 2555 1830 2610 φορῶν

302 2623 518 2673 (motuum)
549 2619 623 2661 καὶ
655 2618 887 2676 σχημάτων
917 2622 1168 2677 (figurarum)
1200 2623 1441 2676 proprietate
1471 2628 1532 2663 est
1561 2623 1700 2676 posita.

415 2691 660 2731 Plutarch.
693 2691 890 2738 Quaest.
913 2690 1160 2731 Convival.
1193 2692 1255 2732 lX.
1300 2693 1364 2732 15.
1397 2705 1428 2733 e.
1459 2691 1496 2730 2.
1528 2690 1702 2747 φορὰς
1731 2690 1830 2746 μὲν

302 2756 393 2802 οὖν
429 2757 525 2806 τὰς
564 2754 814 2813 κινήσεις
855 2755 1204 2813 ὀνομάζουσι,
1244 2756 1494 2812 σχήματα
1524 2756 1582 2800 δὲ
1612 2761 1828 2812 σχέσεις

300 2827 389 2869 καὶ
429 2827 746 2878 διαθέσεις,
787 2828 849 2876 εἷς
889 2824 941 2876 ἃς
982 2825 1221 2882 φερόμεναι
1251 2827 1508 2870 τελευτῶσιν
1546 2826 1594 2869 αἱ
1625 2827 1828 2884 κινήσεις,

1864 0 1895 17 ⁴3
1905 0 2005 13 ........
