<?xml version="1.0" encoding="UTF-8"?>
<!DOCTYPE html PUBLIC "-//W3C//DTD XHTML 1.0 Transitional//EN"
    "http://www.w3.org/TR/xhtml1/DTD/xhtml1-transitional.dtd">
<html xmlns="http://www.w3.org/1999/xhtml" xml:lang="en" lang="en">
 <head>
  <title>
</title>
<meta http-equiv="Content-Type" content="text/html;charset=utf-8" />
  <meta name='ocr-system' content='tesseract 3.04.00' />
  <meta name='ocr-capabilities' content='ocr_page ocr_carea ocr_par ocr_line ocrx_word'/>
</head>
<body>
  <div class='ocr_page' id='page_1' title='image "./scaenicacollecta00sommuoft_0040.png"; bbox 0 0 2014 3204; ppageno 0'>
   <div class='ocr_carea' id='block_1_1' title="bbox 896 237 1178 278">
    <p class='ocr_par' dir='ltr' id='par_1_1' title="bbox 896 237 1178 278">
     <span class='ocr_line' id='line_1_1' title="bbox 896 237 1178 278; baseline -0.004 -11"><span class='ocrx_word' id='word_1_1' title='bbox 896 237 1178 278; x_wconf 41' lang='lat' dir='ltr'>-2gffl</span> 
     </span>
    </p>
   </div>
   <div class='ocr_carea' id='block_1_2' title="bbox 271 350 1808 1838">
    <p class='ocr_par' dir='ltr' id='par_1_2' title="bbox 274 350 1806 542">
     <span class='ocr_line' id='line_1_2' title="bbox 274 350 1805 409; baseline 0 -14"><span class='ocrx_word' id='word_1_2' title='bbox 274 357 442 395; x_wconf 88' lang='lat' dir='ltr'>alterum</span> <span class='ocrx_word' id='word_1_3' title='bbox 483 355 522 394; x_wconf 91' lang='lat' dir='ltr'>in</span> <span class='ocrx_word' id='word_1_4' title='bbox 571 351 759 393; x_wconf 78' lang='lat' dir='ltr'>Poll&#39;uc.</span> <span class='ocrx_word' id='word_1_5' title='bbox 803 352 1056 394; x_wconf 85' lang='lat' dir='ltr'>Onomast.</span> <span class='ocrx_word' id='word_1_6' title='bbox 1094 353 1153 394; x_wconf 89' lang='lat' dir='ltr'>IV.</span> <span class='ocrx_word' id='word_1_7' title='bbox 1205 352 1296 393; x_wconf 86' lang='lat'>123.</span> <span class='ocrx_word' id='word_1_8' title='bbox 1337 351 1430 407; x_wconf 82' lang='grc' dir='ltr'>ἡδὲ</span> <span class='ocrx_word' id='word_1_9' title='bbox 1476 350 1692 409; x_wconf 81' lang='grc' dir='ltr'><strong><em>ὀρχήστρα</em></strong></span> <span class='ocrx_word' id='word_1_10' title='bbox 1725 354 1805 396; x_wconf 81' lang='grc' dir='ltr'>τοῦ</span> 
     </span>
     <span class='ocr_line' id='line_1_3' title="bbox 386 416 1806 478; baseline 0.001 -16"><span class='ocrx_word' id='word_1_11' title='bbox 386 421 540 476; x_wconf 80' lang='grc' dir='ltr'><em>χοροῦ,</em></span> <span class='ocrx_word' id='word_1_12' title='bbox 580 420 626 462; x_wconf 80' lang='grc' dir='ltr'>ἓν</span> <span class='ocrx_word' id='word_1_13' title='bbox 662 416 688 478; x_wconf 83' lang='grc' dir='ltr'><strong><em>ᾖ</em></strong></span> <span class='ocrx_word' id='word_1_14' title='bbox 726 419 799 460; x_wconf 85' lang='grc' dir='ltr'>καὶ</span> <span class='ocrx_word' id='word_1_15' title='bbox 832 418 857 475; x_wconf 83' lang='grc' dir='ltr'><em>ἡ</em></span> <span class='ocrx_word' id='word_1_16' title='bbox 887 419 1096 475; x_wconf 70' lang='grc' dir='ltr'><strong><em>θυμέλη</em></strong></span> <span class='ocrx_word' id='word_1_17' title='bbox 1129 422 1238 461; x_wconf 77' lang='grc' dir='ltr'><strong><em>εἴτε</em></strong></span> <span class='ocrx_word' id='word_1_18' title='bbox 1267 418 1416 476; x_wconf 79' lang='grc' dir='ltr'>βῆμοέ</span> <span class='ocrx_word' id='word_1_19' title='bbox 1445 436 1496 462; x_wconf 84' lang='grc' dir='ltr'>τι</span> <span class='ocrx_word' id='word_1_20' title='bbox 1533 417 1663 463; x_wconf 85' lang='grc' dir='ltr'><em>οὖσα</em></span> <span class='ocrx_word' id='word_1_21' title='bbox 1693 423 1806 463; x_wconf 81' lang='grc' dir='ltr'><strong><em>εἴτε</em></strong></span> 
     </span>
     <span class='ocr_line' id='line_1_4' title="bbox 387 487 606 542; baseline -0.014 0"><span class='ocrx_word' id='word_1_22' title='bbox 387 487 606 542; x_wconf 50' lang='grc' dir='ltr'>βωμόέ)</span> 
     </span>
    </p>

    <p class='ocr_par' dir='ltr' id='par_1_3' title="bbox 276 557 1808 612">
     <span class='ocr_line' id='line_1_5' title="bbox 276 557 1808 612; baseline 0.002 -15"><span class='ocrx_word' id='word_1_23' title='bbox 276 559 332 598; x_wconf 89' lang='lat' dir='ltr'>Ex</span> <span class='ocrx_word' id='word_1_24' title='bbox 365 558 508 610; x_wconf 89' lang='lat' dir='ltr'>quibus</span> <span class='ocrx_word' id='word_1_25' title='bbox 538 558 634 597; x_wconf 91' lang='lat' dir='ltr'>nihil</span> <span class='ocrx_word' id='word_1_26' title='bbox 680 558 781 598; x_wconf 91' lang='lat' dir='ltr'>aliud</span> <span class='ocrx_word' id='word_1_27' title='bbox 815 557 995 605; x_wconf 83' lang='lat' dir='ltr'>efficitur,</span> <span class='ocrx_word' id='word_1_28' title='bbox 1042 571 1157 609; x_wconf 89' lang='lat' dir='ltr'>quam</span> <span class='ocrx_word' id='word_1_29' title='bbox 1190 558 1387 610; x_wconf 75' lang='lat' dir='ltr'>thymelen</span> <span class='ocrx_word' id='word_1_30' title='bbox 1419 570 1523 598; x_wconf 89' lang='lat' dir='ltr'>aram</span> <span class='ocrx_word' id='word_1_31' title='bbox 1556 558 1679 598; x_wconf 84' lang='lat' dir='ltr'>fuisse</span> <span class='ocrx_word' id='word_1_32' title='bbox 1710 572 1808 612; x_wconf 91' lang='lat' dir='ltr'>qua-</span> 
     </span>
    </p>

    <p class='ocr_par' dir='ltr' id='par_1_4' title="bbox 273 626 743 675">
     <span class='ocr_line' id='line_1_6' title="bbox 273 626 743 675; baseline -0.002 -9"><span class='ocrx_word' id='word_1_33' title='bbox 273 628 436 674; x_wconf 88' lang='lat' dir='ltr'>dratam,</span> <span class='ocrx_word' id='word_1_34' title='bbox 469 626 743 675; x_wconf 82' lang='lat' dir='ltr'>excavatam.²)</span> 
     </span>
    </p>

    <p class='ocr_par' dir='ltr' id='par_1_5' title="bbox 271 693 1807 1293">
     <span class='ocr_line' id='line_1_7' title="bbox 387 693 1804 747; baseline 0.001 -13"><span class='ocrx_word' id='word_1_35' title='bbox 387 695 537 742; x_wconf 84' lang='lat' dir='ltr'>Quodsi</span> <span class='ocrx_word' id='word_1_36' title='bbox 558 700 756 741; x_wconf 79' lang='lat' dir='ltr'>tenemus,</span> <span class='ocrx_word' id='word_1_37' title='bbox 788 695 952 733; x_wconf 83' lang='lat' dir='ltr'>chorum</span> <span class='ocrx_word' id='word_1_38' title='bbox 976 693 1179 744; x_wconf 80' lang='lat' dir='ltr'>tragicum,</span> <span class='ocrx_word' id='word_1_39' title='bbox 1211 695 1418 742; x_wconf 89' lang='lat' dir='ltr'>comicum,</span> <span class='ocrx_word' id='word_1_40' title='bbox 1448 695 1657 747; x_wconf 89' lang='lat' dir='ltr'>satyricum</span> <span class='ocrx_word' id='word_1_41' title='bbox 1689 695 1731 735; x_wconf 90' lang='lat' dir='ltr'>in</span> <span class='ocrx_word' id='word_1_42' title='bbox 1762 709 1804 736; x_wconf 89' lang='lat' dir='ltr'>ea</span> 
     </span>
     <span class='ocr_line' id='line_1_8' title="bbox 272 762 1806 815; baseline 0.001 -13"><span class='ocrx_word' id='word_1_43' title='bbox 272 768 428 802; x_wconf 90' lang='lat' dir='ltr'>tantum</span> <span class='ocrx_word' id='word_1_44' title='bbox 460 764 687 803; x_wconf 80' lang='lat' dir='ltr'><strong>orchestrae</strong></span> <span class='ocrx_word' id='word_1_45' title='bbox 709 769 818 814; x_wconf 88' lang='lat' dir='ltr'>parte</span> <span class='ocrx_word' id='word_1_46' title='bbox 840 766 1039 801; x_wconf 90' lang='lat' dir='ltr'>versatum</span> <span class='ocrx_word' id='word_1_47' title='bbox 1071 762 1204 808; x_wconf 82' lang='lat' dir='ltr'>fuisse,</span> <span class='ocrx_word' id='word_1_48' title='bbox 1247 775 1346 814; x_wconf 88' lang='lat' dir='ltr'>quae</span> <span class='ocrx_word' id='word_1_49' title='bbox 1377 776 1397 801; x_wconf 89' lang='lat' dir='ltr'>a</span> <span class='ocrx_word' id='word_1_50' title='bbox 1430 775 1569 802; x_wconf 79' lang='lat' dir='ltr'>scaena</span> <span class='ocrx_word' id='word_1_51' title='bbox 1602 776 1728 815; x_wconf 88' lang='lat' dir='ltr'>usque</span> <span class='ocrx_word' id='word_1_52' title='bbox 1757 764 1806 803; x_wconf 89' lang='lat' dir='ltr'>ad</span> 
     </span>
     <span class='ocr_line' id='line_1_9' title="bbox 271 831 1805 883; baseline -0.001 -12"><span class='ocrx_word' id='word_1_53' title='bbox 271 832 472 883; x_wconf 81' lang='lat' dir='ltr'>thymelen</span> <span class='ocrx_word' id='word_1_54' title='bbox 518 831 749 883; x_wconf 80' lang='lat' dir='ltr'>porrigitur,</span> <span class='ocrx_word' id='word_1_55' title='bbox 795 831 889 870; x_wconf 89' lang='lat' dir='ltr'>illud</span> <span class='ocrx_word' id='word_1_56' title='bbox 928 835 1032 869; x_wconf 90' lang='lat' dir='ltr'>certe</span> <span class='ocrx_word' id='word_1_57' title='bbox 1073 835 1252 882; x_wconf 85' lang='lat' dir='ltr'>apparet,</span> <span class='ocrx_word' id='word_1_58' title='bbox 1299 843 1405 870; x_wconf 86' lang='lat' dir='ltr'>aram</span> <span class='ocrx_word' id='word_1_59' title='bbox 1450 831 1490 870; x_wconf 90' lang='lat' dir='ltr'>in</span> <span class='ocrx_word' id='word_1_60' title='bbox 1535 845 1582 871; x_wconf 92' lang='lat' dir='ltr'>eo</span> <span class='ocrx_word' id='word_1_61' title='bbox 1629 836 1805 871; x_wconf 90' lang='lat' dir='ltr'>extremo</span> 
     </span>
     <span class='ocr_line' id='line_1_10' title="bbox 273 898 1807 939; baseline 0 0"><span class='ocrx_word' id='word_1_62' title='bbox 273 900 501 939; x_wconf 76' lang='lat' dir='ltr'>orchestrae</span> <span class='ocrx_word' id='word_1_63' title='bbox 531 901 702 939; x_wconf 90' lang='lat' dir='ltr'>termino</span> <span class='ocrx_word' id='word_1_64' title='bbox 734 898 989 939; x_wconf 80' lang='lat' dir='ltr'>constitutam</span> <span class='ocrx_word' id='word_1_65' title='bbox 1022 898 1166 938; x_wconf 88' lang='lat' dir='ltr'>nullius</span> <span class='ocrx_word' id='word_1_66' title='bbox 1198 898 1351 938; x_wconf 86' lang='lat' dir='ltr'>fabulae</span> <span class='ocrx_word' id='word_1_67' title='bbox 1383 900 1601 939; x_wconf 86' lang='lat' dir='ltr'>scaenicam</span> <span class='ocrx_word' id='word_1_68' title='bbox 1647 900 1807 939; x_wconf 87' lang='lat' dir='ltr'>confor-</span> 
     </span>
     <span class='ocr_line' id='line_1_11' title="bbox 275 967 1805 1016; baseline 0.001 -10"><span class='ocrx_word' id='word_1_69' title='bbox 275 968 488 1007; x_wconf 85' lang='lat' dir='ltr'>mationem</span> <span class='ocrx_word' id='word_1_70' title='bbox 522 968 791 1007; x_wconf 74' lang='lat' dir='ltr'>conturbasse.</span> <span class='ocrx_word' id='word_1_71' title='bbox 852 967 900 1005; x_wconf 82' lang='lat' dir='ltr'>At</span> <span class='ocrx_word' id='word_1_72' title='bbox 931 971 1079 1013; x_wconf 84' lang='lat' dir='ltr'>contra,</span> <span class='ocrx_word' id='word_1_73' title='bbox 1111 967 1143 1005; x_wconf 90' lang='lat' dir='ltr'>si</span> <span class='ocrx_word' id='word_1_74' title='bbox 1174 980 1262 1006; x_wconf 90' lang='lat' dir='ltr'>cum</span> <span class='ocrx_word' id='word_1_75' title='bbox 1296 967 1482 1013; x_wconf 87' lang='lat' dir='ltr'>Genellio‚</span> <span class='ocrx_word' id='word_1_76' title='bbox 1514 967 1653 1016; x_wconf 84' lang='lat' dir='ltr'>Hirtio,</span> <span class='ocrx_word' id='word_1_77' title='bbox 1683 967 1805 1007; x_wconf 87' lang='lat' dir='ltr'>Muel-</span> 
     </span>
     <span class='ocr_line' id='line_1_12' title="bbox 271 1035 1804 1088; baseline 0.001 -13"><span class='ocrx_word' id='word_1_78' title='bbox 271 1037 353 1075; x_wconf 91' lang='lat' dir='ltr'>lero</span> <span class='ocrx_word' id='word_1_79' title='bbox 386 1035 643 1075; x_wconf 83' lang='lat' dir='ltr'>dramaticum</span> <span class='ocrx_word' id='word_1_80' title='bbox 666 1048 823 1087; x_wconf 88' lang='lat' dir='ltr'>quoque</span> <span class='ocrx_word' id='word_1_81' title='bbox 855 1036 1018 1075; x_wconf 91' lang='lat' dir='ltr'>chorum</span> <span class='ocrx_word' id='word_1_82' title='bbox 1043 1047 1230 1086; x_wconf 82' lang='lat' dir='ltr'>magnum</span> <span class='ocrx_word' id='word_1_83' title='bbox 1263 1035 1355 1075; x_wconf 92' lang='lat' dir='ltr'>illud</span> <span class='ocrx_word' id='word_1_84' title='bbox 1379 1036 1604 1076; x_wconf 82' lang='lat' dir='ltr'>orchestrae</span> <span class='ocrx_word' id='word_1_85' title='bbox 1635 1036 1804 1088; x_wconf 89' lang='lat' dir='ltr'>spatium</span> 
     </span>
     <span class='ocr_line' id='line_1_13' title="bbox 271 1103 1803 1155; baseline 0.001 -12"><span class='ocrx_word' id='word_1_86' title='bbox 271 1104 461 1149; x_wconf 88' lang='lat' dir='ltr'>tenuisse,</span> <span class='ocrx_word' id='word_1_87' title='bbox 508 1103 547 1142; x_wconf 91' lang='lat' dir='ltr'>in</span> <span class='ocrx_word' id='word_1_88' title='bbox 590 1116 714 1155; x_wconf 86' lang='lat' dir='ltr'>eoque</span> <span class='ocrx_word' id='word_1_89' title='bbox 756 1103 883 1142; x_wconf 87' lang='lat' dir='ltr'>medio</span> <span class='ocrx_word' id='word_1_90' title='bbox 929 1104 1128 1155; x_wconf 82' lang='lat' dir='ltr'>thymelen</span> <span class='ocrx_word' id='word_1_91' title='bbox 1174 1104 1398 1143; x_wconf 83' lang='lat' dir='ltr'>collocatam</span> <span class='ocrx_word' id='word_1_92' title='bbox 1446 1117 1532 1144; x_wconf 89' lang='lat' dir='ltr'>esse</span> <span class='ocrx_word' id='word_1_93' title='bbox 1578 1104 1803 1151; x_wconf 55' lang='lat' dir='ltr'>statuimus</span> 
     </span>
     <span class='ocr_line' id='line_1_14' title="bbox 272 1171 1805 1223; baseline 0.001 -12"><span class='ocrx_word' id='word_1_94' title='bbox 272 1172 364 1223; x_wconf 91' lang='lat' dir='ltr'>quid</span> <span class='ocrx_word' id='word_1_95' title='bbox 397 1172 556 1211; x_wconf 88' lang='lat' dir='ltr'>tandem</span> <span class='ocrx_word' id='word_1_96' title='bbox 589 1172 654 1211; x_wconf 78' lang='lat' dir='ltr'>fiet</span> <span class='ocrx_word' id='word_1_97' title='bbox 686 1172 733 1211; x_wconf 89' lang='lat' dir='ltr'>de</span> <span class='ocrx_word' id='word_1_98' title='bbox 763 1171 825 1211; x_wconf 91' lang='lat' dir='ltr'>illa</span> <span class='ocrx_word' id='word_1_99' title='bbox 857 1172 1019 1223; x_wconf 90' lang='lat' dir='ltr'>Dionysi</span> <span class='ocrx_word' id='word_1_100' title='bbox 1048 1184 1113 1211; x_wconf 87' lang='lat' dir='ltr'>ara</span> <span class='ocrx_word' id='word_1_101' title='bbox 1145 1172 1185 1210; x_wconf 89' lang='lat' dir='ltr'>in</span> <span class='ocrx_word' id='word_1_102' title='bbox 1217 1172 1262 1211; x_wconf 92' lang='lat' dir='ltr'>iis</span> <span class='ocrx_word' id='word_1_103' title='bbox 1294 1172 1546 1223; x_wconf 83' lang='lat' dir='ltr'>potissimum</span> <span class='ocrx_word' id='word_1_104' title='bbox 1578 1172 1732 1219; x_wconf 89' lang='lat' dir='ltr'>fabulis,</span> <span class='ocrx_word' id='word_1_105' title='bbox 1763 1172 1805 1212; x_wconf 92' lang='lat' dir='ltr'>in</span> 
     </span>
     <span class='ocr_line' id='line_1_15' title="bbox 275 1239 1806 1293; baseline 0 -13"><span class='ocrx_word' id='word_1_106' title='bbox 275 1241 432 1293; x_wconf 86' lang='lat' dir='ltr'>quibus,</span> <span class='ocrx_word' id='word_1_107' title='bbox 451 1240 569 1279; x_wconf 91' lang='lat' dir='ltr'>vcluti</span> <span class='ocrx_word' id='word_1_108' title='bbox 598 1240 636 1279; x_wconf 91' lang='lat' dir='ltr'>in</span> <span class='ocrx_word' id='word_1_109' title='bbox 655 1240 833 1290; x_wconf 86' lang='lat' dir='ltr'>Aeschyli</span> <span class='ocrx_word' id='word_1_110' title='bbox 849 1240 1098 1287; x_wconf 86' lang='lat' dir='ltr'>Prometheo,</span> <span class='ocrx_word' id='word_1_111' title='bbox 1121 1240 1252 1278; x_wconf 92' lang='lat' dir='ltr'>nullus</span> <span class='ocrx_word' id='word_1_112' title='bbox 1273 1245 1426 1291; x_wconf 87' lang='lat' dir='ltr'>poterat</span> <span class='ocrx_word' id='word_1_113' title='bbox 1457 1253 1543 1279; x_wconf 85' lang='lat' dir='ltr'>esse</span> <span class='ocrx_word' id='word_1_114' title='bbox 1573 1253 1662 1280; x_wconf 88' lang='lat' dir='ltr'>arae</span> <span class='ocrx_word' id='word_1_115' title='bbox 1677 1239 1806 1280; x_wconf 75' lang='lat' dir='ltr'>usus?</span> 
     </span>
    </p>

    <p class='ocr_par' dir='ltr' id='par_1_6' title="bbox 272 1307 1807 1838">
     <span class='ocr_line' id='line_1_16' title="bbox 387 1307 1806 1360; baseline 0 -12"><span class='ocrx_word' id='word_1_116' title='bbox 387 1308 560 1353; x_wconf 83' lang='lat' dir='ltr'>Accedit,</span> <span class='ocrx_word' id='word_1_117' title='bbox 593 1307 696 1358; x_wconf 88' lang='lat' dir='ltr'>quod</span> <span class='ocrx_word' id='word_1_118' title='bbox 729 1311 856 1346; x_wconf 84' lang='lat' dir='ltr'>cetera</span> <span class='ocrx_word' id='word_1_119' title='bbox 888 1319 1046 1358; x_wconf 91' lang='lat' dir='ltr'>quoque</span> <span class='ocrx_word' id='word_1_120' title='bbox 1088 1312 1265 1347; x_wconf 86' lang='lat' dir='ltr'>veterum</span> <span class='ocrx_word' id='word_1_121' title='bbox 1309 1308 1570 1359; x_wconf 87' lang='lat' dir='ltr'>scriptorum,</span> <span class='ocrx_word' id='word_1_122' title='bbox 1613 1320 1713 1360; x_wconf 87' lang='lat' dir='ltr'>quae</span> <span class='ocrx_word' id='word_1_123' title='bbox 1759 1309 1806 1349; x_wconf 93' lang='lat' dir='ltr'>de</span> 
     </span>
     <span class='ocr_line' id='line_1_17' title="bbox 272 1375 1806 1428; baseline -0.001 -12"><span class='ocrx_word' id='word_1_124' title='bbox 272 1377 465 1428; x_wconf 90' lang='lat' dir='ltr'>thymelae</span> <span class='ocrx_word' id='word_1_125' title='bbox 495 1389 568 1415; x_wconf 86' lang='lat' dir='ltr'>usu</span> <span class='ocrx_word' id='word_1_126' title='bbox 599 1376 732 1415; x_wconf 89' lang='lat' dir='ltr'>relicta</span> <span class='ocrx_word' id='word_1_127' title='bbox 764 1379 856 1414; x_wconf 87' lang='lat' dir='ltr'>sunt</span> <span class='ocrx_word' id='word_1_128' title='bbox 885 1375 1124 1423; x_wconf 78' lang='lat' dir='ltr'>testimonia,</span> <span class='ocrx_word' id='word_1_129' title='bbox 1156 1376 1370 1416; x_wconf 89' lang='lat' dir='ltr'>Hermanni</span> <span class='ocrx_word' id='word_1_130' title='bbox 1401 1376 1622 1416; x_wconf 89' lang='lat' dir='ltr'>sententiae</span> <span class='ocrx_word' id='word_1_131' title='bbox 1652 1376 1806 1428; x_wconf 86' lang='lat' dir='ltr'>egregie</span> 
     </span>
     <span class='ocr_line' id='line_1_18' title="bbox 273 1443 1805 1497; baseline 0 -13"><span class='ocrx_word' id='word_1_132' title='bbox 273 1445 583 1497; x_wconf 82' lang='lat' dir='ltr'>patrocinantur.</span> <span class='ocrx_word' id='word_1_133' title='bbox 644 1443 741 1482; x_wconf 86' lang='lat' dir='ltr'>Nam</span> <span class='ocrx_word' id='word_1_134' title='bbox 789 1455 877 1482; x_wconf 90' lang='lat' dir='ltr'>cum</span> <span class='ocrx_word' id='word_1_135' title='bbox 909 1443 1119 1482; x_wconf 90' lang='lat' dir='ltr'>Muellerus</span> <span class='ocrx_word' id='word_1_136' title='bbox 1166 1456 1271 1483; x_wconf 86' lang='lat' dir='ltr'>aram</span> <span class='ocrx_word' id='word_1_137' title='bbox 1317 1445 1436 1491; x_wconf 90' lang='lat' dir='ltr'>illam,</span> <span class='ocrx_word' id='word_1_138' title='bbox 1480 1445 1521 1484; x_wconf 91' lang='lat' dir='ltr'>in</span> <span class='ocrx_word' id='word_1_139' title='bbox 1567 1444 1693 1484; x_wconf 81' lang='lat' dir='ltr'>media</span> <span class='ocrx_word' id='word_1_140' title='bbox 1739 1456 1805 1484; x_wconf 91' lang='lat' dir='ltr'>or-</span> 
     </span>
     <span class='ocr_line' id='line_1_19' title="bbox 277 1510 1807 1565; baseline -0.001 -12"><span class='ocrx_word' id='word_1_141' title='bbox 277 1514 430 1553; x_wconf 89' lang='lat' dir='ltr'>chestra</span> <span class='ocrx_word' id='word_1_142' title='bbox 462 1513 644 1564; x_wconf 87' lang='lat' dir='ltr'>positam,</span> <span class='ocrx_word' id='word_1_143' title='bbox 677 1511 860 1563; x_wconf 85' lang='lat' dir='ltr'>gradibus</span> <span class='ocrx_word' id='word_1_144' title='bbox 891 1510 1125 1550; x_wconf 87' lang='lat' dir='ltr'>instructam</span> <span class='ocrx_word' id='word_1_145' title='bbox 1168 1511 1290 1552; x_wconf 86' lang='lat' dir='ltr'>fuisse</span> <span class='ocrx_word' id='word_1_146' title='bbox 1329 1513 1403 1552; x_wconf 88' lang='lat' dir='ltr'>sibi</span> <span class='ocrx_word' id='word_1_147' title='bbox 1447 1513 1720 1565; x_wconf 83' lang='lat' dir='ltr'>persuasisset,</span> <span class='ocrx_word' id='word_1_148' title='bbox 1765 1513 1807 1553; x_wconf 91' lang='lat' dir='ltr'>in</span> 
     </span>
     <span class='ocr_line' id='line_1_20' title="bbox 273 1579 1803 1632; baseline 0.001 -12"><span class='ocrx_word' id='word_1_149' title='bbox 273 1582 348 1621; x_wconf 87' lang='lat' dir='ltr'>illis</span> <span class='ocrx_word' id='word_1_150' title='bbox 380 1581 563 1632; x_wconf 87' lang='lat' dir='ltr'>gradibus</span> <span class='ocrx_word' id='word_1_151' title='bbox 595 1579 819 1619; x_wconf 85' lang='lat' dir='ltr'>constitisse</span> <span class='ocrx_word' id='word_1_152' title='bbox 850 1579 941 1618; x_wconf 86' lang='lat' dir='ltr'>dicit</span> <span class='ocrx_word' id='word_1_153' title='bbox 971 1579 1031 1617; x_wconf 91' lang='lat' dir='ltr'>vel</span> <span class='ocrx_word' id='word_1_154' title='bbox 1052 1579 1363 1630; x_wconf 83' lang='lat' dir='ltr'>coryphaeum³)‚</span> <span class='ocrx_word' id='word_1_155' title='bbox 1395 1581 1454 1620; x_wconf 93' lang='lat' dir='ltr'>vel</span> <span class='ocrx_word' id='word_1_156' title='bbox 1475 1585 1602 1620; x_wconf 89' lang='lat' dir='ltr'>totum</span> <span class='ocrx_word' id='word_1_157' title='bbox 1626 1582 1803 1629; x_wconf 88' lang='lat' dir='ltr'>chorum,</span> 
     </span>
     <span class='ocr_line' id='line_1_21' title="bbox 273 1647 1805 1701; baseline 0 -12"><span class='ocrx_word' id='word_1_158' title='bbox 273 1650 330 1689; x_wconf 91' lang='lat' dir='ltr'>vel</span> <span class='ocrx_word' id='word_1_159' title='bbox 363 1649 536 1701; x_wconf 84' lang='lat' dir='ltr'>singulas</span> <span class='ocrx_word' id='word_1_160' title='bbox 569 1649 776 1688; x_wconf 87' lang='lat' dir='ltr'>choreutas</span> <span class='ocrx_word' id='word_1_161' title='bbox 808 1660 897 1686; x_wconf 90' lang='lat' dir='ltr'>cum</span> <span class='ocrx_word' id='word_1_162' title='bbox 928 1647 1168 1687; x_wconf 86' lang='lat' dir='ltr'>tibicinibus.</span> <span class='ocrx_word' id='word_1_163' title='bbox 1229 1649 1278 1687; x_wconf 84' lang='lat' dir='ltr'>At</span> <span class='ocrx_word' id='word_1_164' title='bbox 1319 1648 1393 1688; x_wconf 91' lang='lat' dir='ltr'>hoc</span> <span class='ocrx_word' id='word_1_165' title='bbox 1430 1649 1504 1688; x_wconf 89' lang='lat' dir='ltr'>etsi</span> <span class='ocrx_word' id='word_1_166' title='bbox 1543 1662 1678 1689; x_wconf 88' lang='lat' dir='ltr'>verum</span> <span class='ocrx_word' id='word_1_167' title='bbox 1718 1662 1805 1690; x_wconf 88' lang='lat' dir='ltr'>esse</span> 
     </span>
     <span class='ocr_line' id='line_1_22' title="bbox 272 1716 1804 1769; baseline 0.001 -13"><span class='ocrx_word' id='word_1_168' title='bbox 272 1723 423 1769; x_wconf 77' lang='lat' dir='ltr'>potest,</span> <span class='ocrx_word' id='word_1_169' title='bbox 455 1723 588 1756; x_wconf 88' lang='lat' dir='ltr'>tamen</span> <span class='ocrx_word' id='word_1_170' title='bbox 619 1722 686 1755; x_wconf 90' lang='lat' dir='ltr'>aut</span> <span class='ocrx_word' id='word_1_171' title='bbox 717 1716 827 1755; x_wconf 86' lang='lat' dir='ltr'>fallor</span> <span class='ocrx_word' id='word_1_172' title='bbox 858 1720 925 1755; x_wconf 87' lang='lat' dir='ltr'>aut</span> <span class='ocrx_word' id='word_1_173' title='bbox 962 1720 1137 1754; x_wconf 86' lang='lat' dir='ltr'>veterum</span> <span class='ocrx_word' id='word_1_174' title='bbox 1183 1716 1342 1767; x_wconf 89' lang='lat' dir='ltr'>quidem</span> <span class='ocrx_word' id='word_1_175' title='bbox 1389 1717 1620 1757; x_wconf 86' lang='lat' dir='ltr'>auctoritate</span> <span class='ocrx_word' id='word_1_176' title='bbox 1665 1717 1804 1758; x_wconf 87' lang='lat' dir='ltr'>nititur</span> 
     </span>
     <span class='ocr_line' id='line_1_23' title="bbox 274 1772 1803 1838; baseline 0.001 -13"><span class='ocrx_word' id='word_1_177' title='bbox 274 1786 394 1825; x_wconf 90' lang='lat' dir='ltr'>nulla.</span> <span class='ocrx_word' id='word_1_178' title='bbox 457 1786 591 1836; x_wconf 85' lang='lat' dir='ltr'>Neque</span> <span class='ocrx_word' id='word_1_179' title='bbox 622 1785 727 1824; x_wconf 90' lang='lat' dir='ltr'>enim</span> <span class='ocrx_word' id='word_1_180' title='bbox 768 1785 815 1823; x_wconf 89' lang='lat' dir='ltr'>ab</span> <span class='ocrx_word' id='word_1_181' title='bbox 857 1784 946 1823; x_wconf 89' lang='lat' dir='ltr'>aliis</span> <span class='ocrx_word' id='word_1_182' title='bbox 982 1784 1198 1836; x_wconf 83' lang='lat' dir='ltr'>quidquam</span> <span class='ocrx_word' id='word_1_183' title='bbox 1229 1785 1389 1824; x_wconf 89' lang='lat' dir='ltr'>allatum</span> <span class='ocrx_word' id='word_1_184' title='bbox 1436 1791 1507 1834; x_wconf 87' lang='lat' dir='ltr'>est,</span> <span class='ocrx_word' id='word_1_185' title='bbox 1551 1772 1681 1838; x_wconf 86' lang='lat' dir='ltr'>neque</span> <span class='ocrx_word' id='word_1_186' title='bbox 1732 1798 1803 1837; x_wconf 89' lang='lat' dir='ltr'>ego</span> 
     </span>
    </p>
   </div>
   <div class='ocr_carea' id='block_1_3' title="bbox 273 1852 1804 1906">
    <p class='ocr_par' dir='ltr' id='par_1_7' title="bbox 273 1852 1804 1906">
     <span class='ocr_line' id='line_1_24' title="bbox 273 1852 1804 1906; baseline 0 -12"><span class='ocrx_word' id='word_1_187' title='bbox 273 1859 430 1906; x_wconf 87' lang='lat' dir='ltr'>praeter</span> <span class='ocrx_word' id='word_1_188' title='bbox 460 1865 585 1892; x_wconf 92' lang='lat' dir='ltr'>unum</span> <span class='ocrx_word' id='word_1_189' title='bbox 616 1854 746 1892; x_wconf 89' lang='lat' dir='ltr'>locum</span> <span class='ocrx_word' id='word_1_190' title='bbox 784 1852 964 1892; x_wconf 88' lang='lat' dir='ltr'>invenire</span> <span class='ocrx_word' id='word_1_191' title='bbox 1010 1853 1141 1903; x_wconf 84' lang='lat' dir='ltr'>potui,</span> <span class='ocrx_word' id='word_1_192' title='bbox 1186 1852 1227 1892; x_wconf 91' lang='lat' dir='ltr'>in</span> <span class='ocrx_word' id='word_1_193' title='bbox 1273 1866 1352 1905; x_wconf 93' lang='lat' dir='ltr'>quo</span> <span class='ocrx_word' id='word_1_194' title='bbox 1395 1854 1510 1893; x_wconf 90' lang='lat' dir='ltr'>huius</span> <span class='ocrx_word' id='word_1_195' title='bbox 1554 1854 1609 1894; x_wconf 90' lang='lat' dir='ltr'>rei</span> <span class='ocrx_word' id='word_1_196' title='bbox 1653 1855 1804 1895; x_wconf 90' lang='lat' dir='ltr'>mentio</span> 
     </span>
    </p>
   </div>
   <div class='ocr_carea' id='block_1_4' title="bbox 271 1978 1807 2940">
    <p class='ocr_par' dir='ltr' id='par_1_8' title="bbox 273 1978 1806 2194">
     <span class='ocr_line' id='line_1_25' title="bbox 368 1978 1806 2034; baseline 0.003 -17"><span class='ocrx_word' id='word_1_197' title='bbox 368 1987 391 2026; x_wconf 90' lang='lat'>¹)</span> <span class='ocrx_word' id='word_1_198' title='bbox 418 1985 638 2018; x_wconf 77' lang='lat' dir='ltr'>Plutarch.</span> <span class='ocrx_word' id='word_1_199' title='bbox 665 1985 787 2018; x_wconf 86' lang='lat' dir='ltr'>Deme</span> <span class='ocrx_word' id='word_1_200' title='bbox 803 1990 852 2017; x_wconf 86' lang='lat' dir='ltr'>tr.</span> <span class='ocrx_word' id='word_1_201' title='bbox 878 1995 905 2016; x_wconf 90' lang='lat' dir='ltr'>c.</span> <span class='ocrx_word' id='word_1_202' title='bbox 934 1984 986 2016; x_wconf 89' lang='lat'>12.</span> <span class='ocrx_word' id='word_1_203' title='bbox 1035 1985 1164 2018; x_wconf 82' lang='grc' dir='ltr'><em>τοῦτον</em></span> <span class='ocrx_word' id='word_1_204' title='bbox 1185 1982 1254 2028; x_wconf 81' lang='grc' dir='ltr'>μὲν</span> <span class='ocrx_word' id='word_1_205' title='bbox 1271 1978 1338 2018; x_wconf 79' lang='grc' dir='ltr'>οὖν</span> <span class='ocrx_word' id='word_1_206' title='bbox 1361 1983 1524 2027; x_wconf 76' lang='grc' dir='ltr'>ἐπίτηδες</span> <span class='ocrx_word' id='word_1_207' title='bbox 1548 1985 1671 2030; x_wconf 79' lang='grc' dir='ltr'>ἐκείνῳ</span> <span class='ocrx_word' id='word_1_208' title='bbox 1694 1997 1806 2034; x_wconf 83' lang='grc' dir='ltr'><strong><em>παρε-</em></strong></span> 
     </span>
     <span class='ocr_line' id='line_1_26' title="bbox 281 2036 1803 2088; baseline 0.001 -12"><span class='ocrx_word' id='word_1_209' title='bbox 281 2036 457 2087; x_wconf 75' lang='grc' dir='ltr'><strong><em>θήκαμεν,</em></strong></span> <span class='ocrx_word' id='word_1_210' title='bbox 483 2043 532 2086; x_wconf 75' lang='grc' dir='ltr'>τῷ</span> <span class='ocrx_word' id='word_1_211' title='bbox 560 2040 634 2075; x_wconf 83' lang='grc' dir='ltr'>ἀπὸ</span> <span class='ocrx_word' id='word_1_212' title='bbox 659 2042 721 2075; x_wconf 83' lang='grc' dir='ltr'>τοῦ</span> <span class='ocrx_word' id='word_1_213' title='bbox 749 2036 909 2086; x_wconf 78' lang='grc' dir='ltr'><em>βήματος</em></span> <span class='ocrx_word' id='word_1_214' title='bbox 933 2038 977 2075; x_wconf 83' lang='grc' dir='ltr'>ὀν</span> <span class='ocrx_word' id='word_1_215' title='bbox 1002 2038 1078 2074; x_wconf 76' lang='grc' dir='ltr'>ἀπὸ</span> <span class='ocrx_word' id='word_1_216' title='bbox 1104 2041 1164 2083; x_wconf 78' lang='grc' dir='ltr'>τῆς</span> <span class='ocrx_word' id='word_1_217' title='bbox 1181 2041 1352 2085; x_wconf 78' lang='grc' dir='ltr'><em>θυμέλης,</em></span> <span class='ocrx_word' id='word_1_218' title='bbox 1379 2042 1445 2074; x_wconf 90' lang='lat' dir='ltr'>sibi</span> <span class='ocrx_word' id='word_1_219' title='bbox 1472 2048 1686 2085; x_wconf 87' lang='lat' dir='ltr'>opponuntur</span> <span class='ocrx_word' id='word_1_220' title='bbox 1702 2044 1803 2088; x_wconf 82' lang='grc' dir='ltr'><strong><em>βῆμα</em></strong></span> 
     </span>
     <span class='ocr_line' id='line_1_27' title="bbox 273 2099 1804 2146; baseline 0.001 -14"><span class='ocrx_word' id='word_1_221' title='bbox 273 2105 308 2132; x_wconf 88' lang='lat' dir='ltr'>et</span> <span class='ocrx_word' id='word_1_222' title='bbox 332 2100 478 2141; x_wconf 75' lang='grc' dir='ltr'><em>θυμέλη,</em></span> <span class='ocrx_word' id='word_1_223' title='bbox 529 2099 594 2132; x_wconf 86' lang='lat' dir='ltr'>Sed</span> <span class='ocrx_word' id='word_1_224' title='bbox 618 2101 682 2132; x_wconf 90' lang='lat' dir='ltr'>hoc</span> <span class='ocrx_word' id='word_1_225' title='bbox 707 2100 782 2132; x_wconf 91' lang='lat' dir='ltr'>loco</span> <span class='ocrx_word' id='word_1_226' title='bbox 809 2101 950 2143; x_wconf 78' lang='grc' dir='ltr'><em>θυμέλη</em></span> <span class='ocrx_word' id='word_1_227' title='bbox 976 2111 1036 2143; x_wconf 89' lang='lat' dir='ltr'>pro</span> <span class='ocrx_word' id='word_1_228' title='bbox 1064 2099 1152 2132; x_wconf 86' lang='lat' dir='ltr'>omni</span> <span class='ocrx_word' id='word_1_229' title='bbox 1175 2109 1212 2130; x_wconf 90' lang='lat' dir='ltr'>re</span> <span class='ocrx_word' id='word_1_230' title='bbox 1238 2099 1393 2132; x_wconf 86' lang='lat' dir='ltr'>scaenica</span> <span class='ocrx_word' id='word_1_231' title='bbox 1419 2104 1581 2142; x_wconf 84' lang='lat' dir='ltr'>usurpata</span> <span class='ocrx_word' id='word_1_232' title='bbox 1606 2105 1669 2142; x_wconf 87' lang='lat' dir='ltr'>est,</span> <span class='ocrx_word' id='word_1_233' title='bbox 1705 2101 1804 2146; x_wconf 79' lang='grc' dir='ltr'><strong><em>βῆμα</em></strong></span> 
     </span>
     <span class='ocr_line' id='line_1_28' title="bbox 274 2157 659 2194; baseline 0 -6"><span class='ocrx_word' id='word_1_234' title='bbox 274 2157 315 2189; x_wconf 89' lang='lat' dir='ltr'>de</span> <span class='ocrx_word' id='word_1_235' title='bbox 341 2158 515 2190; x_wconf 88' lang='lat' dir='ltr'>rhetorum</span> <span class='ocrx_word' id='word_1_236' title='bbox 541 2159 659 2194; x_wconf 45' lang='lat' dir='ltr'>artef-</span> 
     </span>
    </p>

    <p class='ocr_par' dir='ltr' id='par_1_9' title="bbox 271 2213 1807 2416">
     <span class='ocr_line' id='line_1_29' title="bbox 365 2213 1805 2257; baseline 0.002 -13"><span class='ocrx_word' id='word_1_237' title='bbox 365 2213 393 2254; x_wconf 90' lang='lat'>²)</span> <span class='ocrx_word' id='word_1_238' title='bbox 419 2213 562 2254; x_wconf 86' lang='lat' dir='ltr'>[Delevi‚</span> <span class='ocrx_word' id='word_1_239' title='bbox 589 2224 672 2256; x_wconf 84' lang='lat' dir='ltr'>quae</span> <span class='ocrx_word' id='word_1_240' title='bbox 699 2213 732 2245; x_wconf 92' lang='lat' dir='ltr'>in</span> <span class='ocrx_word' id='word_1_241' title='bbox 760 2213 868 2256; x_wconf 86' lang='lat' dir='ltr'>priori</span> <span class='ocrx_word' id='word_1_242' title='bbox 887 2213 1038 2246; x_wconf 84' lang='lat' dir='ltr'>editione</span> <span class='ocrx_word' id='word_1_243' title='bbox 1064 2219 1265 2256; x_wconf 88' lang='lat' dir='ltr'>sequuntur:</span> <span class='ocrx_word' id='word_1_244' title='bbox 1305 2213 1544 2256; x_wconf 79' lang='lat' dir='ltr'>„Quamquam‚</span> <span class='ocrx_word' id='word_1_245' title='bbox 1569 2215 1655 2257; x_wconf 89' lang='lat' dir='ltr'>quod</span> <span class='ocrx_word' id='word_1_246' title='bbox 1681 2214 1805 2247; x_wconf 88' lang='lat' dir='ltr'>Pollux</span> 
     </span>
     <span class='ocr_line' id='line_1_30' title="bbox 272 2270 1805 2314; baseline 0.002 -13"><span class='ocrx_word' id='word_1_247' title='bbox 272 2270 357 2302; x_wconf 89' lang='lat' dir='ltr'>dicit</span> <span class='ocrx_word' id='word_1_248' title='bbox 382 2271 450 2302; x_wconf 80' lang='grc' dir='ltr'><em>εἴτε</em></span> <span class='ocrx_word' id='word_1_249' title='bbox 475 2270 587 2314; x_wconf 82' lang='grc' dir='ltr'><em>βῆμα,</em></span> <span class='ocrx_word' id='word_1_250' title='bbox 614 2270 726 2303; x_wconf 90' lang='lat' dir='ltr'>nescio</span> <span class='ocrx_word' id='word_1_251' title='bbox 745 2281 786 2303; x_wconf 80' lang='lat' dir='ltr'>an</span> <span class='ocrx_word' id='word_1_252' title='bbox 811 2271 846 2303; x_wconf 90' lang='lat' dir='ltr'>in</span> <span class='ocrx_word' id='word_1_253' title='bbox 871 2280 910 2302; x_wconf 88' lang='lat' dir='ltr'>eo</span> <span class='ocrx_word' id='word_1_254' title='bbox 935 2271 1044 2304; x_wconf 85' lang='lat' dir='ltr'>lateat</span> <span class='ocrx_word' id='word_1_255' title='bbox 1061 2281 1125 2302; x_wconf 91' lang='lat' dir='ltr'>non</span> <span class='ocrx_word' id='word_1_256' title='bbox 1143 2271 1220 2303; x_wconf 89' lang='lat' dir='ltr'>leve</span> <span class='ocrx_word' id='word_1_257' title='bbox 1245 2271 1406 2314; x_wconf 85' lang='lat' dir='ltr'>quoddam</span> <span class='ocrx_word' id='word_1_258' title='bbox 1433 2270 1606 2313; x_wconf 88' lang='lat' dir='ltr'>indicium,</span> <span class='ocrx_word' id='word_1_259' title='bbox 1631 2282 1694 2314; x_wconf 90' lang='lat' dir='ltr'>quo</span> <span class='ocrx_word' id='word_1_260' title='bbox 1711 2282 1805 2305; x_wconf 80' lang='lat' dir='ltr'>aram</span> 
     </span>
     <span class='ocr_line' id='line_1_31' title="bbox 274 2327 1807 2368; baseline 0.002 -10"><span class='ocrx_word' id='word_1_261' title='bbox 274 2327 369 2359; x_wconf 88' lang='lat' dir='ltr'>illam</span> <span class='ocrx_word' id='word_1_262' title='bbox 395 2327 555 2367; x_wconf 83' lang='lat' dir='ltr'>gradibus</span> <span class='ocrx_word' id='word_1_263' title='bbox 581 2327 779 2360; x_wconf 82' lang='lat' dir='ltr'>instructam</span> <span class='ocrx_word' id='word_1_264' title='bbox 805 2327 911 2360; x_wconf 88' lang='lat' dir='ltr'>fuisse</span> <span class='ocrx_word' id='word_1_265' title='bbox 938 2327 1171 2368; x_wconf 84' lang='lat' dir='ltr'>intellegatur.</span> <span class='ocrx_word' id='word_1_266' title='bbox 1220 2328 1282 2360; x_wconf 89' lang='lat' dir='ltr'>Cui</span> <span class='ocrx_word' id='word_1_267' title='bbox 1312 2328 1502 2360; x_wconf 86' lang='lat' dir='ltr'>sententiae</span> <span class='ocrx_word' id='word_1_268' title='bbox 1527 2328 1624 2360; x_wconf 82' lang='lat' dir='ltr'>fidem</span> <span class='ocrx_word' id='word_1_269' title='bbox 1659 2328 1807 2361; x_wconf 79' lang='lat' dir='ltr'>afferunt</span> 
     </span>
     <span class='ocr_line' id='line_1_32' title="bbox 271 2384 377 2416; baseline -0.009 0"><span class='ocrx_word' id='word_1_270' title='bbox 271 2384 377 2416; x_wconf 85' lang='lat' dir='ltr'>verba</span> 
     </span>
    </p>

    <p class='ocr_par' dir='ltr' id='par_1_10' title="bbox 363 2440 1802 2484">
     <span class='ocr_line' id='line_1_33' title="bbox 363 2440 1802 2484; baseline 0.001 -11"><span class='ocrx_word' id='word_1_271' title='bbox 363 2441 475 2473; x_wconf 92' lang='lat' dir='ltr'>Isido</span> <span class='ocrx_word' id='word_1_272' title='bbox 488 2452 515 2474; x_wconf 91' lang='lat' dir='ltr'>r.</span> <span class='ocrx_word' id='word_1_273' title='bbox 553 2442 688 2483; x_wconf 85' lang='lat' dir='ltr'>origg.</span> <span class='ocrx_word' id='word_1_274' title='bbox 726 2441 847 2475; x_wconf 88' lang='lat' dir='ltr'>XVIII.</span> <span class='ocrx_word' id='word_1_275' title='bbox 882 2441 934 2473; x_wconf 88' lang='grc'>47.</span> <span class='ocrx_word' id='word_1_276' title='bbox 999 2440 1189 2484; x_wconf 86' lang='lat' dir='ltr'>Thymelici</span> <span class='ocrx_word' id='word_1_277' title='bbox 1225 2445 1335 2473; x_wconf 85' lang='lat' dir='ltr'>autem</span> <span class='ocrx_word' id='word_1_278' title='bbox 1362 2446 1460 2474; x_wconf 84' lang='lat' dir='ltr'>erant</span> <span class='ocrx_word' id='word_1_279' title='bbox 1495 2442 1616 2475; x_wconf 89' lang='lat' dir='ltr'>musici</span> <span class='ocrx_word' id='word_1_280' title='bbox 1642 2442 1802 2483; x_wconf 73' lang='lat' dir='ltr'>scaenici,</span> 
     </span>
    </p>

    <p class='ocr_par' dir='ltr' id='par_1_11' title="bbox 367 2498 1803 2543">
     <span class='ocr_line' id='line_1_34' title="bbox 367 2498 1803 2543; baseline 0.002 -13"><span class='ocrx_word' id='word_1_281' title='bbox 367 2498 424 2540; x_wconf 88' lang='lat' dir='ltr'>qui</span> <span class='ocrx_word' id='word_1_282' title='bbox 450 2499 484 2530; x_wconf 90' lang='lat' dir='ltr'>in</span> <span class='ocrx_word' id='word_1_283' title='bbox 511 2499 648 2540; x_wconf 81' lang='lat' dir='ltr'>organis</span> <span class='ocrx_word' id='word_1_284' title='bbox 675 2503 708 2531; x_wconf 88' lang='lat' dir='ltr'>et</span> <span class='ocrx_word' id='word_1_285' title='bbox 733 2498 822 2542; x_wconf 79' lang='lat' dir='ltr'>lyris</span> <span class='ocrx_word' id='word_1_286' title='bbox 849 2503 884 2531; x_wconf 88' lang='lat' dir='ltr'>et</span> <span class='ocrx_word' id='word_1_287' title='bbox 909 2498 1053 2530; x_wconf 82' lang='lat' dir='ltr'>citharis</span> <span class='ocrx_word' id='word_1_288' title='bbox 1090 2498 1333 2541; x_wconf 85' lang='lat' dir='ltr'>praecinebant</span> <span class='ocrx_word' id='word_1_289' title='bbox 1369 2504 1404 2531; x_wconf 88' lang='lat' dir='ltr'>et</span> <span class='ocrx_word' id='word_1_290' title='bbox 1439 2498 1523 2532; x_wconf 88' lang='lat' dir='ltr'>dicti</span> <span class='ocrx_word' id='word_1_291' title='bbox 1559 2500 1803 2543; x_wconf 80' lang='lat' dir='ltr'>thymelici,</span> 
     </span>
    </p>

    <p class='ocr_par' dir='ltr' id='par_1_12' title="bbox 363 2555 1803 2601">
     <span class='ocr_line' id='line_1_35' title="bbox 363 2555 1803 2601; baseline 0.002 -14"><span class='ocrx_word' id='word_1_292' title='bbox 363 2556 450 2597; x_wconf 91' lang='lat' dir='ltr'>quod</span> <span class='ocrx_word' id='word_1_293' title='bbox 476 2555 579 2588; x_wconf 91' lang='lat' dir='ltr'>olim</span> <span class='ocrx_word' id='word_1_294' title='bbox 604 2555 636 2587; x_wconf 90' lang='lat' dir='ltr'>in</span> <span class='ocrx_word' id='word_1_295' title='bbox 663 2557 840 2588; x_wconf 83' lang='lat' dir='ltr'>orchestra</span> <span class='ocrx_word' id='word_1_296' title='bbox 857 2560 988 2588; x_wconf 86' lang='lat' dir='ltr'>stantes</span> <span class='ocrx_word' id='word_1_297' title='bbox 1014 2556 1192 2588; x_wconf 84' lang='lat' dir='ltr'>cantabant</span> <span class='ocrx_word' id='word_1_298' title='bbox 1208 2566 1310 2598; x_wconf 86' lang='lat' dir='ltr'>supra</span> <span class='ocrx_word' id='word_1_299' title='bbox 1335 2556 1562 2599; x_wconf 85' lang='lat' dir='ltr'>pulpitum,</span> <span class='ocrx_word' id='word_1_300' title='bbox 1587 2557 1672 2599; x_wconf 88' lang='lat' dir='ltr'>quod</span> <span class='ocrx_word' id='word_1_301' title='bbox 1697 2558 1742 2590; x_wconf 87' lang='lat' dir='ltr'>th</span> <span class='ocrx_word' id='word_1_302' title='bbox 1755 2568 1803 2601; x_wconf 82' lang='lat' dir='ltr'>y-</span> 
     </span>
    </p>

    <p class='ocr_par' dir='ltr' id='par_1_13' title="bbox 362 2612 693 2645">
     <span class='ocr_line' id='line_1_36' title="bbox 362 2612 693 2645; baseline 0 -1"><span class='ocrx_word' id='word_1_303' title='bbox 362 2612 470 2644; x_wconf 85' lang='lat' dir='ltr'>mele</span> <span class='ocrx_word' id='word_1_304' title='bbox 496 2612 693 2645; x_wconf 88' lang='lat' dir='ltr'>vocabatur.</span> 
     </span>
    </p>

    <p class='ocr_par' dir='ltr' id='par_1_14' title="bbox 274 2668 1804 2771">
     <span class='ocr_line' id='line_1_37' title="bbox 365 2668 1804 2710; baseline 0.003 -10"><span class='ocrx_word' id='word_1_305' title='bbox 365 2668 431 2701; x_wconf 87' lang='lat' dir='ltr'>Sed</span> <span class='ocrx_word' id='word_1_306' title='bbox 457 2673 535 2700; x_wconf 87' lang='lat' dir='ltr'>sunt</span> <span class='ocrx_word' id='word_1_307' title='bbox 558 2669 620 2701; x_wconf 88' lang='lat' dir='ltr'>hae</span> <span class='ocrx_word' id='word_1_308' title='bbox 644 2673 756 2702; x_wconf 86' lang='lat' dir='ltr'>tamen</span> <span class='ocrx_word' id='word_1_309' title='bbox 782 2669 1008 2710; x_wconf 85' lang='lat' dir='ltr'>coniecturae,</span> <span class='ocrx_word' id='word_1_310' title='bbox 1034 2670 1119 2702; x_wconf 87' lang='lat' dir='ltr'>certi</span> <span class='ocrx_word' id='word_1_311' title='bbox 1146 2668 1265 2702; x_wconf 81' lang='lat' dir='ltr'>nihil.“</span> <span class='ocrx_word' id='word_1_312' title='bbox 1315 2668 1364 2701; x_wconf 82' lang='lat' dir='ltr'>Cf.</span> <span class='ocrx_word' id='word_1_313' title='bbox 1395 2680 1567 2702; x_wconf 88' lang='lat' dir='ltr'>censuram</span> <span class='ocrx_word' id='word_1_314' title='bbox 1591 2681 1695 2704; x_wconf 80' lang='lat' dir='ltr'>meam</span> <span class='ocrx_word' id='word_1_315' title='bbox 1720 2672 1804 2706; x_wconf 89' lang='lat' dir='ltr'>libri</span> 
     </span>
     <span class='ocr_line' id='line_1_38' title="bbox 274 2724 1800 2771; baseline 0.003 -14"><span class='ocrx_word' id='word_1_316' title='bbox 274 2724 534 2757; x_wconf 88' lang='lat' dir='ltr'>Wieseleriani:</span> <span class='ocrx_word' id='word_1_317' title='bbox 562 2724 671 2757; x_wconf 86' lang='lat' dir='ltr'>Ueber</span> <span class='ocrx_word' id='word_1_318' title='bbox 697 2725 751 2757; x_wconf 90' lang='lat' dir='ltr'>die</span> <span class='ocrx_word' id='word_1_319' title='bbox 773 2724 937 2768; x_wconf 87' lang='lat' dir='ltr'>Thymele</span> <span class='ocrx_word' id='word_1_320' title='bbox 956 2726 1014 2759; x_wconf 90' lang='lat' dir='ltr'>des</span> <span class='ocrx_word' id='word_1_321' title='bbox 1031 2726 1267 2767; x_wconf 84' lang='lat' dir='ltr'>griechischen</span> <span class='ocrx_word' id='word_1_322' title='bbox 1284 2726 1462 2759; x_wconf 88' lang='lat' dir='ltr'>Theaters.</span> <span class='ocrx_word' id='word_1_323' title='bbox 1488 2726 1800 2771; x_wconf 69' lang='lat' dir='ltr'>Gottingen1847.]</span> 
     </span>
    </p>

    <p class='ocr_par' dir='ltr' id='par_1_15' title="bbox 271 2778 1804 2940">
     <span class='ocr_line' id='line_1_39' title="bbox 363 2778 1804 2827; baseline 0.002 -14"><span class='ocrx_word' id='word_1_324' title='bbox 363 2779 387 2822; x_wconf 81' lang='lat'>³)</span> <span class='ocrx_word' id='word_1_325' title='bbox 416 2781 605 2823; x_wconf 89' lang='lat' dir='ltr'>Principem</span> <span class='ocrx_word' id='word_1_326' title='bbox 631 2782 726 2814; x_wconf 91' lang='lat' dir='ltr'>chori</span> <span class='ocrx_word' id='word_1_327' title='bbox 745 2782 859 2815; x_wconf 89' lang='lat' dir='ltr'>ducem</span> <span class='ocrx_word' id='word_1_328' title='bbox 885 2784 1120 2827; x_wconf 85' lang='lat' dir='ltr'>coryphaeum,</span> <span class='ocrx_word' id='word_1_329' title='bbox 1145 2788 1180 2816; x_wconf 91' lang='lat' dir='ltr'>at</span> <span class='ocrx_word' id='word_1_330' title='bbox 1206 2793 1270 2815; x_wconf 91' lang='lat' dir='ltr'>non</span> <span class='ocrx_word' id='word_1_331' title='bbox 1296 2778 1461 2827; x_wconf 77' lang='grc' dir='ltr'><em>ἡγεμόνα</em></span> <span class='ocrx_word' id='word_1_332' title='bbox 1485 2783 1691 2825; x_wconf 79' lang='lat' dir='ltr'>appellatum</span> <span class='ocrx_word' id='word_1_333' title='bbox 1715 2793 1804 2825; x_wconf 86' lang='lat' dir='ltr'>esse,</span> 
     </span>
     <span class='ocr_line' id='line_1_40' title="bbox 272 2837 1802 2884; baseline 0.002 -15"><span class='ocrx_word' id='word_1_334' title='bbox 272 2842 305 2869; x_wconf 89' lang='lat' dir='ltr'>et</span> <span class='ocrx_word' id='word_1_335' title='bbox 331 2849 430 2869; x_wconf 92' lang='lat' dir='ltr'>unum</span> <span class='ocrx_word' id='word_1_336' title='bbox 457 2838 693 2881; x_wconf 88' lang='lat' dir='ltr'>coryphaeum,</span> <span class='ocrx_word' id='word_1_337' title='bbox 719 2839 832 2881; x_wconf 88' lang='lat' dir='ltr'>plures</span> <span class='ocrx_word' id='word_1_338' title='bbox 858 2837 1041 2884; x_wconf 79' lang='grc' dir='ltr'><em>ἡγεμόνας</em></span> <span class='ocrx_word' id='word_1_339' title='bbox 1069 2839 1188 2881; x_wconf 78' lang='lat' dir='ltr'>fuisse,</span> <span class='ocrx_word' id='word_1_340' title='bbox 1224 2841 1453 2873; x_wconf 85' lang='lat' dir='ltr'>demonstravi</span> <span class='ocrx_word' id='word_1_341' title='bbox 1491 2840 1524 2872; x_wconf 89' lang='lat' dir='ltr'>in</span> <span class='ocrx_word' id='word_1_342' title='bbox 1561 2839 1802 2880; x_wconf 86' lang='lat' dir='ltr'>dissertatione</span> 
     </span>
     <span class='ocr_line' id='line_1_41' title="bbox 271 2895 1621 2940; baseline 0.001 -13"><span class='ocrx_word' id='word_1_343' title='bbox 271 2905 342 2927; x_wconf 90' lang='lat' dir='ltr'>mea</span> <span class='ocrx_word' id='word_1_344' title='bbox 367 2895 578 2937; x_wconf 86' lang='lat' dir='ltr'>inaugurali:</span> <span class='ocrx_word' id='word_1_345' title='bbox 627 2895 783 2928; x_wconf 84' lang='lat' dir='ltr'>Rerum</span> <span class='ocrx_word' id='word_1_346' title='bbox 809 2897 1107 2930; x_wconf 86' lang='lat' dir='ltr'>scaenicarum</span> <span class='ocrx_word' id='word_1_347' title='bbox 1133 2897 1282 2940; x_wconf 86' lang='lat' dir='ltr'>capita</span> <span class='ocrx_word' id='word_1_348' title='bbox 1309 2898 1487 2931; x_wconf 87' lang='lat' dir='ltr'>selecta.</span> <span class='ocrx_word' id='word_1_349' title='bbox 1538 2897 1572 2929; x_wconf 92' lang='lat' dir='ltr'>C.</span> <span class='ocrx_word' id='word_1_350' title='bbox 1599 2895 1621 2929; x_wconf 89' lang='lat'>1.</span> 
     </span>
    </p>
   </div>
  </div>
 </body>
</html>
