2014 3204
793 199 1143 245 7—213—

222 322 279 360 <ut
305 305 460 372 pEssint
488 317 734 371 pronuntiari
755 317 942 364 carmina,
972 311 1153 369 inprimis
1175 329 1274 369 opus
1296 320 1369 363 est,
1401 321 1443 356 ut
1472 319 1578 355 recte
1608 314 1655 354 ab
1685 327 1744 362 eo,

232 388 300 441 qui
329 401 374 428 ea
403 387 655 440 interpretari
684 386 787 433 velit,
820 386 1104 438 intellegantur.
1166 385 1291 435 (Plato
1321 385 1405 424 lon.
1437 383 1531 423 530.
1571 379 1622 423 οὗ
1660 385 1743 437 γὰρ

230 454 285 499 ἂν
312 458 483 508 γένοιτο
513 453 737 511 ῥαψῳδός,
769 455 810 495 εἷ
837 454 897 509 μῆ
922 456 1069 508 συνείη
1100 452 1154 494 τὰ
1183 452 1394 507 λεγόμενα
1426 449 1514 494 ὑπὸ
1541 450 1617 492 τοῦ
1637 464 1743 491 ποι-

229 526 369 580 ητοῦ).
427 526 546 565 Recte
591 537 683 564 vero
712 524 907 564 intellecta
937 524 970 563 is
999 524 1217 576 rhapsodus
1247 522 1483 564 iudicabitur
1513 526 1556 561 ut
1585 533 1654 573 par
1684 526 1744 561 est

229 596 499 648 disponere
530 592 826 646 (διατιθέναι)
858 593 1043 640 carmina,
1088 593 1156 645 qui
1186 605 1255 632 ore
1284 591 1401 642 fac-ili,
1433 591 1652 643 explanatO,
1681 590 1743 630 iu·

228 664 398 715 cund01)
444 677 491 704 eo
536 675 713 715 quaeque
744 662 846 702 vocis
878 667 1201 714 temperamento,
1240 674 1284 700 ea
1314 660 1517 712 signorum
1549 661 1741 713 (σημεῖα)

228 731 476 784 quorundam
508 730 824 784 perspicuitate2)
870 729 1163 783 pronuntiabit,
1207 736 1251 770 ut
1280 729 1411 769 omnia
1442 729 1554 769 facile
1584 729 1742 769 intelle-

226 805 382 851 gantur,
426 800 759 852 quemadmodum
805 813 849 840 ea
894 799 1061 850 intellegi
1099 799 1220 839 voluit
1250 804 1376 851 poeta.
1435 798 1561 838 Veluti
1590 810 1740 838 moram

227 868 439 915 adhibebit,
484 869 551 909 ubi
589 870 733 909 morari
764 869 844 908 vult
873 874 988 920 poeta
1019 868 1238 914 audientes,
1270 867 1345 907 cito
1375 866 1628 920 properabit,
1674 866 1739 907 ubi

223 937 338 978 celeri
366 938 515 991 impetu
543 938 669 978 fertur
697 938 835 985 oratio,
867 938 1001 977 efferet
1029 949 1136 984 voce,
1168 949 1268 989 quae
1299 936 1474 989 graviora
1504 942 1610 984 sunt,
1641 948 1740 989 quae

220 1011 317 1046 sunt
358 1006 502 1047 leviora
536 1007 739 1060 reprimet.
800 1006 939 1059 Neque
969 1006 1096 1046 solum
1126 1005 1334 1058 primariae
1353 1006 1582 1046 carminum
1610 1011 1762 1058 partes·

223 1088 272 1115 eo
300 1075 404 1116 vocis
433 1076 596 1116 artificio
626 1082 722 1116 sunt
750 1075 1043 1116 distribuendae
1071 1088 1115 1115 ac
1145 1075 1433 1127 temperandae,
1462 1080 1508 1115 ut
1537 1074 1632 1127 quid
1651 1086 1739 1115 ma-

223 1143 333 1192 ioris,
365 1144 457 1196 quid
492 1144 655 1184 minoris
686 1144 736 1183 sit
765 1145 956 1184 momenti
985 1152 1191 1196 appareat,
1237 1144 1302 1183 sed
1337 1144 1472 1184 eadem
1503 1143 1545 1183 in
1575 1143 1738 1195 singulis

223 1213 414 1252 maiorum
445 1212 612 1265 partium
644 1212 866 1265 particulis,
910 1213 950 1252 in
980 1213 1143 1265 singulis
1175 1212 1403 1261 enuntiatis,
1435 1213 1596 1253 vocibus
1626 1213 1737 1253 adbi-

222 1281 351 1322 benda
381 1287 441 1321 est
472 1293 548 1328 ars,
587 1281 718 1321 omnia
754 1280 923 1333 denique
955 1281 1138 1334 deinceps
1168 1281 1226 1321 vel
1256 1281 1467 1322 levioribus
1497 1282 1555 1321 vel
1587 1282 1737 1334 gratio-

219 1350 329 1390 ribus
359 1349 608 1390 lineamentis
638 1350 691 1390 ita
720 1355 814 1390 sunt
845 1350 1081 1398 definienda,
1114 1355 1157 1390 ut
1186 1350 1312 1403 qualia
1344 1350 1536 1403 descripta
1579 1356 1673 1390 sunt
1716 1364 1736 1391 a

219 1418 347 1472 poetis
378 1419 468 1458 talia
499 1419 804 1471 conspiciantur.
864 1419 908 1459 In
954 1433 1032 1472 quo
1078 1425 1208 1459 tamen
1254 1419 1312 1459 vel
1349 1419 1516 1459 maxime
1546 1420 1735 1461 servanda

218 1492 280 1527 est
310 1486 410 1540 epici
441 1487 626 1528 carminis
648 1493 788 1528 natura
811 1502 856 1529 ac
875 1489 1110 1542 proprietas,
1142 1488 1284 1541 quippe
1314 1488 1426 1529 cuius
1457 1501 1538 1529 non
1567 1489 1643 1530 hoc
1673 1489 1735 1536 sit,

217 1562 262 1597 ut
290 1557 323 1596 is
353 1556 422 1609 qui
450 1557 682 1609 pronuntiet
719 1557 834 1609 ipse
878 1564 958 1599 aut
988 1556 1179 1599 sentire
1211 1563 1294 1597 aut
1324 1570 1471 1610 agere
1505 1558 1735 1598 videatur

218 1638 274 1674 ea,
305 1637 405 1678 quae
434 1625 615 1666 dicantur
643 1631 710 1666 aut
739 1626 849 1673 fiant,
893 1626 960 1667 sed
999 1626 1036 1666 id
1067 1626 1214 1673 solum,
1260 1631 1304 1667 ut
1349 1639 1476 1680 quae
1521 1627 1574 1667 ab
1618 1627 1734 1668 aliis

214 1695 344 1736 dicta
375 1695 607 1748 factaque
636 1701 757 1736 sunt
797 1708 914 1749 quam
945 1695 1112 1736 maxime
1142 1695 1227 1735 fieri
1257 1701 1388 1748 potest
1418 1696 1532 1748 plane
1562 1701 1608 1745 et,
1629 1696 1731 1737 dilu-

215 1763 298 1804 cide
328 1769 573 1804 enarrentur.
614 1764 726 1811 Quod
746 1765 778 1804 si
799 1765 922 1817 probe
951 1761 1191 1810 tenebimus,
1212 1764 1331 1804 simul
1347 1764 1630 1816 intellegemus,
1662 1777 1731 1805 cur

214 1844 368 1893 sumina
388 1833 430 1872 in
450 1832 622 1885 gestibus
643 1833 862 1874 adhibenda
882 1833 932 1873 sit
952 1832 1181 1878 moderatio,
1203 1845 1272 1872 cur
1293 1844 1374 1872 non
1395 1838 1476 1873 tam
1506 1833 1687 1884 figuris
1700 1833 1730 1883 ³)

215 1897 444 1955 (σχήματα)
476 1900 708 1954 quibusdam
738 1907 783 1942 ut
814 1903 1001 1942 choreuta
1022 1902 1069 1942 ad
1088 1900 1323 1941 imitandum
1343 1907 1478 1942 utatur
1496 1901 1728 1955 rhapsodus‚

213 1968 346 2018 (Arist.
377 1974 482 2022 poet.
512 1982 544 2009 c.
576 1968 641 2010 26.
673 1974 695 2018 §
726 1971 764 2010 2.
796 1966 925 2011 οὐδὲν
964 1968 1137 2011 δέονται
1178 1970 1396 2023 (rhapsodi)
1433 1971 1524 2012 τῶν
1560 1968 1729 2025 σχημά-

210 2039 326 2087 των),
357 2050 474 2090 quam
505 2038 711 2079 indiciis
742 2038 953 2094 (σημεῖα),
984 2039 1127 2092 quibus
1157 2040 1268 2092 quasi
1290 2039 1409 2091 digito
1430 2046 1729 2088 commonstret,

212 2119 310 2159 quae
338 2106 379 2146 in
399 2112 539 2160 poetae
571 2108 743 2149 carmine
774 2109 854 2149 sint
885 2108 1119 2149 contuenda.
1154 2103 1276 2148 'Esse
1308 2113 1439 2149 autem
1470 2122 1491 2150 a
1520 2109 1727 2163 rhapsodis

209 2175 332 2215 nimio
363 2176 533 2228 quodam
565 2177 766 2230 signorum
799 2191 873 2218 usu
904 2189 1190 2230 nonnunquam
1220 2183 1424 2230 peccatum
1444 2209 1453 2226 ‚
1499 2179 1726 2220 Aristoteles

209 2250 314 2296 poet.
345 2258 376 2284 c.
408 2244 474 2284 26.
506 2248 530 2294 ξ
561 2246 598 2286 3.
643 2247 704 2286 his
749 2246 896 2287 verbis:
937 2246 1051 2287 ἔστι
1093 2243 1573 2301 περιεργάζεσθαι
1612 2254 1726 2297 τοῖς

210 2313 472 2367 σημείοις
510 2312 599 2353 καὶ
641 2312 1028 2369 ῥαψῳδοῦντα,
1088 2311 1197 2370 ὅπερ
1237 2313 1381 2357 ἐποίει
1422 2316 1726 2372 Σωσίστρατος

206 2475 328 2524 ἑτέραν
350 2478 520 2523 φανῆναι.
566 2479 763 2513 πεισθέντα
787 2478 823 2513 δὲ
846 2497 890 2503 --
913 2476 1046 2524 μικρὸν
1068 2477 1279 2522 ἡγήσασθαι
1304 2498 1338 2503 —-
1371 2477 1437 2522 τὴν
1461 2475 1614 2523 ἄσκησιν
1637 2477 1724 2526 ἆμε-

208 2535 328 2570 λοῦνιι
350 2535 409 2578 τῆς
430 2536 624 2582 προφορᾶς
646 2536 717 2568 καὶ
742 2534 989 2574 διαθέσεως
1012 2537 1095 2570 τῶν
1119 2538 1377 2581 λεγομένων.

301 2592 329 2633 ¹)
352 2592 401 2626 Cf.
428 2593 607 2636 Quintil.
634 2594 775 2627 instit.
801 2600 926 2628 orator.
953 2595 1011 2628 xl.
1037 2594 1058 2638 ξ
1082 2595 1135 2627 30.
1163 2605 1211 2638 sq.

298 2647 326 2690 ²)
349 2648 460 2683 Minus
477 2655 569 2684 recte
587 2652 627 2684 de
643 2652 704 2684 hac
722 2662 758 2684 re
776 2653 912 2686 videtur
936 2653 1102 2686 iudicasse
1120 2653 1177 2688 vir
1194 2652 1410 2685 doctissimus
1425 2650 1463 2684 G.
1481 2651 1519 2684 G.
1538 2652 1688 2687 Nitzsc
1701 2654 1722 2686 b

209 2707 263 2747 (de
287 2707 431 2740 historia
455 2708 591 2741 Homeri
626 2708 707 2742 fase.
732 2709 769 2741 ll.
804 2721 835 2752 p.
863 2711 953 2751 120),
990 2721 1063 2743 cum
1100 2710 1196 2750 signa
1221 2710 1281 2742 illa
1306 2710 1474 2754 (σημεῖα),
1500 2710 1620 2752 quibus
1645 2712 1722 2743 rha-

206 2763 328 2806 psodos
353 2775 432 2798 usos
456 2775 530 2799 esse
555 2766 675 2799 scimus
700 2778 742 2800 ex
768 2767 947 2800 Aristot.
987 2772 1074 2810 poet.
1113 2778 1140 2799 c.
1167 2767 1219 2798 26.
1245 2766 1266 2809 ξ
1291 2767 1309 2799 3
1325 2793 1335 2810 ,
1370 2767 1453 2799 dicit
1490 2777 1566 2801 esse
1601 2769 1719 2802 vocis

208 2819 584 2862 significationem.
632 2822 681 2856 Cf.
708 2835 737 2867 p.
763 2823 950 2858 Lxxxul.
1007 2824 1178 2866 [Scaenica
1203 2835 1233 2866 p.
1261 2824 1348 2865 2164

296 2876 323 2919 ³)
349 2877 398 2911 Cf.
419 2878 463 2912 de
488 2880 660 2914 actione
684 2882 831 2915 melica
858 2883 958 2915 sive
983 2883 1029 2915 de
1054 2883 1352 2914 choreutarum
1378 2883 1558 2915 actione.
