2014 3204
889 210 1170 249 ..24-

381 325 537 381 ἶερεῖα·
582 320 828 378 τράπεζα
873 321 929 366 δὲ
978 321 1056 379 ἦν,
1098 323 1170 380 ἐφ’
1217 323 1274 380 ἧς
1314 324 1535 375 ἑστῶτες
1579 325 1634 368 ἒν
1677 328 1793 374 τοῖς

380 392 568 449 ἀγροῖς
609 391 763 452 ᾖδον,
807 391 959 446 μήπω
990 390 1150 440 τάξιν
1179 392 1451 449 λαβούσης
1470 394 1792 450 τραγῳδίας.

457 463 619 503 Lexic.
665 462 876 506 Gudian.
905 475 945 514 p,
986 461 1079 502 246.
1114 461 1180 501 42.
1211 461 1471 516 θυμέλαι,
1502 462 1791 518 τράπεζαι,

379 528 644 585 ὀρχήσεις.

381 600 537 639 Etenim
568 600 609 639 in
640 599 700 639 his
733 599 918 639 omnibus
948 598 1065 646 locis,
1097 612 1197 651 quos
1229 612 1275 638 ex
1305 611 1385 639 uno
1415 599 1526 639 fonte
1557 599 1793 652 repetendos

267 681 353 708 esse
385 668 601 708 clarissime
632 673 806 720 apparet,
850 679 990 719 magna
1019 667 1123 707 inest
1152 680 1286 707 rerum
1326 667 1588 707 conturbatio.
1647 668 1794 707 Docent

267 737 383 784 enim,
414 738 616 789 thymelen
646 736 768 775 fuisse
800 748 978 775 mensam
1009 735 1193 787 aliquam,
1231 736 1272 775 in
1318 750 1394 788 qua
1426 735 1684 776 caederentur
1713 735 1795 775 vic-

266 805 396 851 timae,
429 805 467 843 in
499 818 665 857 eamque
696 804 932 844 adscendere
963 804 1098 844 solitos
1128 804 1248 844 fuisse
1288 805 1573 857 antiquissimis
1603 803 1794 857 tempori-

266 872 359 920 bus,
391 873 615 925 quicunque
645 873 748 912 inter
770 872 995 912 saltandum
1026 876 1143 923 atque
1165 872 1402 912 cantandum
1435 886 1481 912 ex
1501 878 1679 925 tempore
1710 884 1796 912 ser-

267 953 405 981 mones
448 943 684 981 conserrent.
746 941 796 980 At
839 941 1010 992 primum
1058 940 1217 992 quidem
1263 941 1461 992 quomodo
1508 941 1674 993 thymele
1717 941 1793 988 illa,

267 1022 369 1061 quae
401 1011 503 1062 apud
535 1016 672 1062 poetas
703 1009 905 1049 scaenicos
937 1006 1207 1061 δεξίπυρος’)
1239 1009 1482 1056 nominatur,
1528 1022 1626 1061 quae
1660 1009 1796 1061 appel-

266 1078 368 1117 latur
397 1079 499 1130 apud
532 1079 773 1119 Euanthium
804 1075 1012 1126 fumans2)‚
1044 1077 1153 1122 haec,
1183 1077 1357 1129 inquam,
1395 1077 1565 1129 thymele
1595 1077 1794 1129 quomodo

267 1158 398 1186 mensa
430 1160 515 1186 esse
546 1153 712 1198 poterat,
744 1147 786 1186 in
817 1159 892 1198 qua
922 1150 1151 1184 secarentur
1182 1145 1400 1185 hostiarum
1431 1143 1598 1186 carnes?
1647 1146 1795 1185 Deinde

267 1224 317 1251 ne
355 1213 429 1252 hoc
469 1213 629 1264 quidem
674 1213 874 1265 probabile
912 1218 990 1260 est,
1036 1213 1285 1253 adscendisse
1314 1214 1454 1253 Bacchi
1499 1214 1682 1262 cultores,
1727 1214 1795 1266 qui

267 1280 426 1331 quidem
459 1281 703 1321 celebrarent
733 1281 870 1327 Deum,
910 1282 951 1320 in
981 1282 1108 1333 ipsam
1139 1281 1333 1329 eiusdem,
1380 1282 1480 1321 circa
1526 1294 1644 1334 quam
1688 1282 1795 1322 chori

268 1349 536 1396 ducebantur,
592 1362 714 1388 aram.
790 1349 871 1389 Nisi
922 1350 1025 1389 forte
1081 1350 1129 1389 ad
1181 1350 1370 1401 quosdam
1416 1351 1610 1402 thymelae
1654 1351 1796 1402 gradus

265 1417 517 1457 referendum
559 1418 596 1457 id
637 1431 722 1458 esse
759 1417 928 1470 putabis.
996 1418 1110 1466 Quod
1149 1418 1181 1457 si
1218 1431 1355 1458 verum
1393 1425 1514 1467 esset,
1555 1411 1794 1472 quamquam

268 1486 316 1524 de
346 1486 419 1525 hac
441 1486 601 1538 quidem
632 1499 675 1526 re
706 1491 838 1526 tacent
860 1485 1025 1526 omnino
1047 1486 1110 1525 illa
1132 1486 1368 1534 testimonia,
1398 1499 1479 1527 non
1503 1488 1632 1528 minus
1663 1488 1795 1540 inepta

270 1551 471 1590 videretur
501 1551 560 1590 illa
594 1564 756 1592 mensae
787 1553 1032 1604 significatio.

380 1620 518 1672 Itaque
569 1621 756 1661 confusae
817 1635 903 1662 esse
954 1635 1041 1662 arae
1092 1635 1330 1674 mensaeque
1380 1624 1564 1663 videntur
1612 1624 1795 1665 notiones

266 1688 469 1740 probeque
502 1688 756 1728 discernenda
788 1703 851 1730 ara
884 1689 1111 1742 (thymele),
1145 1691 1245 1731 circa
1277 1704 1394 1743 quam
1425 1692 1566 1732 choros
1598 1693 1796 1733 ducebant

267 1770 288 1796 a
319 1769 469 1804 mensa,
501 1757 542 1796 in
565 1770 639 1809 qua
672 1758 937 1798 caedebantur
957 1760 1148 1806 victimae,
1182 1766 1220 1799 et
1242 1773 1357 1811 quam
1389 1761 1436 1799 ad
1460 1773 1540 1808 eos,
1573 1756 1795 1812 quos'dixi,

268 1835 472 1863 sermones
503 1825 714 1865 adhibitam
735 1827 856 1866 fuisse
888 1832 1201 1867 consentaneum
1236 1834 1306 1868 est.
1352 1829 1465 1876 Quod
1496 1829 1529 1868 si
1559 1829 1691 1870 minus
1721 1829 1797 1882 ipsi

266 1903 400 1931 rerum
431 1893 696 1944 probabilitati
727 1896 889 1935 credere
919 1896 1102 1943 volueris,
1134 1901 1299 1936 atcerte
1329 1897 1445 1937 fidem
1476 1909 1557 1937 non
1589 1897 1797 1949 denegabis

266 1960 578 2001 luculentissimo
601 1963 770 2003 Pollucis
801 1964 1044 2015 testimonio,
1077 1964 1145 2016 qui
1175 1977 1266 2004 cum
1287 1965 1403 2017 paulo
1433 1971 1525 2005 ante
1557 1966 1605 2005 de
1626 1966 1798 2018 thymele

268 2035 373 2069 esset
403 2030 579 2078 locutus,
618 2044 797 2071 mensam
831 2032 935 2073 illam
968 2046 1050 2073 non
1091 2033 1312 2089 thymelen,
1351 2035 1419 2074 sed
1459 2029 1581 2075 ἔλεόν
1623 2039 1796 2075 vocatam

268 2110 354 2137 esse
386 2098 488 2138 dicit.

379 2166 570 2206 Polluc.
603 2167 906 2208 Onomastic.
938 2169 998 2209 IV.
1034 2169 1125 2208 123.
1157 2166 1186 2223 ἤ
1215 2167 1265 2208 δὲ
1296 2164 1515 2223 ὀρχήστρα
1546 2169 1623 2210 τοῦ
1651 2170 1795 2222 χοροῦ,

380 2233 426 2275 ἐν
457 2229 482 2291 ᾗ
513 2234 588 2274 καὶ
620 2230 644 2289 ἦ
679 2234 846 2290 θυμέλη
889 2238 977 2276 εἴτε
1006 2232 1127 2291 βῆμά
1165 2251 1208 2276 τι
1240 2233 1367 2286 οὖσα,
1401 2238 1487 2278 εἴτε
1517 2237 1687 2292 βωμός·
1720 2237 1798 2279 ἐπὶ

385 2301 433 2342 δὲ
463 2303 537 2357 τῆς
569 2304 725 2358 σκηνῆς
756 2304 828 2344 καὶ
860 2301 1035 2355 ἇγυιεύς
1065 2303 1204 2346 ἔκειτο
1225 2304 1373 2359 βωμὸς
1404 2304 1491 2359 πρὸ
1522 2306 1608 2347 τῶν
1628 2307 1780 2362 θυρῶν

383 2369 456 2409 καὶ
497 2368 707 2424 τράπεζα,
741 2373 951 2425 πέμματα
988 2371 1160 2423 ἔχουσα,
1200 2370 1224 2427 ἢ
1262 2370 1428 2427 θεωρὶς
1464 2371 1734 2427 ὠνομάζετο,
1773 2373 1799 2430 ἢ

381 2440 564 2492 θυωρίς.
610 2436 784 2487 Ἔλεος
815 2436 935 2494 δ’ἦν
964 2438 1206 2494 τράπεζα
1238 2437 1463 2495 ἀρχαία,
1496 2438 1569 2497 ἐφ’
1601 2438 1661 2496 ἢν
1690 2442 1796 2498 πρὸ

385 2506 672 2555 Θέσπιδος
715 2506 789 2555 εἷς
833 2522 917 2556 τις
953 2505 1158 2562 ἀναβὰς
1195 2516 1312 2558 τοῖς
1347 2515 1629 2564 χορευταῖς
1660 2507 1798 2551 ἄπε-

380 2576 617 2628 κρίνατο.

274 2642 423 2681 Placuit
452 2643 548 2682 haec
579 2645 853 2685 confabulandi
890 2646 988 2686 ratio
1027 2651 1066 2686 et
1103 2659 1192 2687 cum
1231 2653 1346 2687 antea
1385 2647 1470 2687 data
1509 2646 1715 2687 occasione
1751 2660 1797 2687 ex

367 2795 388 2834 ¹)
416 2793 569 2836 Euripid.
597 2795 709 2838 Suppl.
737 2796 789 2827 65.

361 2851 388 2892 ²)
414 2850 558 2883 Euanth.
585 2852 625 2883 dc
650 2853 827 2893 tragoedia
854 2857 888 2885 et
913 2853 1082 2885 comoedia
1110 2864 1136 2885 c.
1162 2853 1193 2886 2.
