2014 3204
908 206 1219 248 —230-

304 332 407 367 esset
438 327 651 374 offensum,
681 330 725 365 ut
756 329 822 364 aut
843 323 1114 364 contractione
1144 322 1300 363 brevior
1321 322 1433 362 fieret
1461 321 1604 374 syllaba
1634 327 1701 363 aut
1730 334 1827 375 pro-

302 396 491 436 ductione
521 395 691 446 longior,
721 393 942 434 sibilaretur
972 392 1112 433 histrio
1144 396 1182 431 et
1212 390 1542 444 exploderetur-¹).

422 463 672 515 Quapropter
702 475 792 502 cum
823 466 978 502 tantum
1011 464 1114 500 esset
1143 460 1249 499 vocis
1293 459 1336 498 in
1376 459 1530 498 theatro
1567 464 1845 508 momentum,

303 533 345 572 in
377 532 459 584 ipsa
482 542 618 571 scaena
650 530 890 570 exstruenda
920 541 999 569 non
1022 529 1200 580 neglecta
1231 531 1290 567 est
1311 527 1395 567 eius
1424 539 1530 566 cura.
1580 526 1710 567 Veluti
1739 539 1827 568 cum

303 600 522 640 Alexander
542 598 728 639 voluisset
757 611 801 638 ex
825 609 916 638 aere
947 597 1031 638 fieri
1053 596 1342 648 proscaenium,
1373 596 1600 638 adversatus
1621 601 1682 635 est
1701 595 1830 636 archi-

305 673 445 716 tectus,
464 668 568 719 quod
591 668 643 708 ita
670 670 992 719 corrumperetur
1015 678 1102 704 vox.
1137 665 1406 713 (Plutarch.
1425 678 1507 706 non
1523 677 1640 717 posse
1661 663 1832 704 suaviter

304 736 378 775 vivi
409 736 624 775 secundum
648 736 860 788 Epicurum
882 747 920 787 p.
949 733 1068 773 1340.
1102 733 1145 772 Τ.
1177 733 1224 773 ΙΙ.
1258 734 1315 773 ed.
1349 734 1470 774 Paris.
1500 733 1688 785 χαλκοῦν
1710 731 1832 775 Ἀλέ-

307 803 494 859 ξανδρον
531 802 579 844 ἐν
617 801 764 856 Πέλλῃ
804 801 1068 856 βουλόμενος
1105 801 1292 856 ποιῆσαι
1337 801 1386 843 τὸ
1431 799 1716 858 προσκήνιον,
1754 798 1832 843 οὐκ

307 873 455 914 εἴασεν
476 867 498 913 ὃ
521 873 724 925 τεχνίτης,
749 869 804 919 ὥς
825 870 1161 927 διαφθεροῦντα
1180 871 1266 911 τῶν
1289 867 1532 923 ὑποκριτῶν
1552 871 1629 926 τὴν
1651 868 1832 926 φωνήν).

420 945 468 981 At
498 941 639 981 dixerit
660 941 856 993 quispiam
887 943 984 982 haec
1004 943 1191 994 pleraque
1222 940 1355 980 omnia
1375 953 1457 980 non
1486 946 1564 981 tam
1597 940 1832 993 Aeschyleae

307 1023 395 1050 esse
426 1010 583 1057 aetatis,
626 1022 743 1062 quam
776 1011 900 1050 multo
946 1010 1210 1063 posteriorum
1255 1016 1495 1061 temporum.
1556 1008 1695 1050 Fateor
1737 1009 1833 1049 illud

308 1079 481 1131 quidem,
515 1080 582 1119 sed
613 1085 748 1119 tamen
779 1078 981 1131 probabile
1011 1084 1083 1127 est,
1116 1079 1190 1118 etsi
1220 1091 1308 1118 sero
1341 1091 1470 1129 neque
1501 1083 1590 1117 ante
1612 1077 1832 1117 Aristotelis

307 1152 477 1188 aetatem
510 1152 665 1200 reperta
697 1148 749 1187 sit
779 1148 873 1187 artis
917 1148 1045 1188 ratio
1087 1153 1238 1199 atque
1283 1147 1529 1193 doctrina,
1573 1146 1667 1186 artis
1712 1145 1834 1198 ipsius

308 1229 390 1256 non
422 1216 549 1256 solum
581 1216 743 1263 radic-es,
775 1216 845 1256 sed
877 1217 995 1256 etiam
1026 1218 1165 1256 florem
1197 1215 1244 1255 ad
1266 1215 1458 1267 Aeschyli,
1480 1214 1699 1266 Sophoclis,
1719 1214 1836 1254 Euri-

307 1285 418 1336 pides
450 1290 616 1324 aetatem
648 1285 858 1337 pertinere.
919 1285 1032 1332 Quod
1079 1284 1238 1336 quidem
1283 1295 1419 1324 verum
1450 1296 1536 1323 esse
1566 1296 1654 1323 cum
1687 1295 1734 1323 eo
1765 1283 1834 1322 fir-

311 1358 450 1401 matur,
481 1354 588 1405 quod
619 1354 747 1393 solent
778 1366 916 1394 omnes
948 1358 1049 1393 artes
1079 1353 1188 1405 prius
1210 1358 1363 1392 exstare
1395 1365 1510 1404 quam
1543 1352 1686 1392 artium
1719 1351 1835 1392 disci-

309 1421 503 1474 plinae2)‚
534 1428 620 1461 tum
652 1435 744 1461 vero
776 1422 851 1461 hoc
881 1423 1050 1461 maxime
1080 1422 1382 1473 comprobatur,
1414 1421 1520 1472 quod
1565 1421 1624 1460 vel
1653 1420 1680 1460 ii
1711 1420 1836 1473 scrip-

309 1495 429 1540 tores,
463 1491 528 1542 qui
562 1491 768 1531 Caesarum
802 1490 1045 1542 temporibus
1075 1490 1260 1538 fuerunt,
1302 1490 1343 1528 in
1390 1490 1629 1542 optimorum
1668 1489 1837 1529 clarissi-

313 1571 551 1610 morumque
583 1559 823 1598 histrionum
870 1571 1039 1598 numero
1085 1557 1382 1609 antiquissimos
1412 1558 1498 1597 illos
1527 1557 1728 1609 Aeschyli,
1762 1558 1835 1597 So-

311 1627 475 1679 phoclis,
507 1627 704 1679 Euripidis
735 1628 926 1667 referunt.
986 1627 1114 1666 Ass'ero
1151 1638 1276 1666 unum
1307 1627 1504 1666 Plutarchi
1546 1625 1836 1674 testimonium,

319 1696 384 1747 qui
416 1709 461 1734 eo
491 1695 640 1743 libello,
680 1708 758 1747 quo
789 1695 945 1734 bellone
976 1707 1025 1735 an
1057 1708 1151 1747 pace
1183 1695 1364 1734 clariores
1395 1694 1545 1734 fuerint
1574 1693 1836 1734 Athenienses

314 1764 523 1810 examinat,
571 1765 644 1803 hos
692 1769 899 1803 enumerat
943 1777 976 1803 c.
1011 1763 1047 1802 6.
1079 1777 1116 1815 p.
1149 1763 1242 1802 426.
1275 1763 1319 1802 T.
1351 1764 1378 1802 Ι.
1412 1764 1469 1803 ed.
1502 1763 1625 1803 Paris.
1677 1760 1838 1802 ’Ένθεν

316 1831 397 1885 μὲν
443 1830 495 1886 δὴ
537 1834 821 1886 προσίτωσαν
851 1829 923 1872 ὑπ’
956 1828 1108 1879 αὐλοῖς
1139 1830 1213 1871 καὶ
1245 1830 1397 1886 λύραις
1428 1828 1611 1885 ποιηταὶ
1644 1820 1857 1881 λέγοντες

314 1898 384 1939 καὶ
420 1898 598 1951 ᾄδοντες

639 1966 870 2023 Εὖφημεΐν
900 1965 979 2022 χρὴ
1012 1965 1312 2015 κάξίστασθαι
1345 1983 1379 2007 κ.
1412 1983 1448 2008 τ.
1481 1967 1518 2008 λ.

313 2041 386 2075 καὶ
424 2035 580 2083 σκευὰς
625 2036 699 2076 καὶ
740 2043 1006 2090 προσωπεῖα
1051 2036 1124 2076 καὶ
1170 2035 1345 2090 βωμοὺς
1391 2036 1464 2076 καὶ
1510 2035 1704 2091 μηχανὰς
1748 2033 1839 2077 ἀπὸ

314 2104 472 2158 σκηνῆς
503 2101 766 2158 περιάκτους
798 2104 869 2145 καὶ
897 2103 1114 2159 τρίποδας
1136 2104 1380 2152 ἐπινικίους
1402 2103 1673 2159 κομίζοντες·
1714 2119 1840 2158 τρα-

313 2173 466 2224 γικοὶ
489 2171 528 2213 δ’
551 2171 741 2221 αὔτοῒς
763 2170 1058 2227 ὑποκριταὶ
1082 2174 1167 2214 καὶ
1187 2171 1560 2228 Νικόστρατοι
1596 2173 1685 2213 καὶ
1704 2173 1840 2214 Καλ-

314 2240 543 2281 λιπίδαι
582 2242 813 2294 (Mynisci
849 2244 1096 2292 aemulus)
1133 2242 1219 2282 καὶ
1262 2244 1547 2283 Μυνίσκοι
1586 2243 1842 2296 (Aeschyli

313 2310 527 2360 histrio)
560 2311 651 2349 καὶ
686 2307 969 2363 Θεόδωροι
1003 2311 1093 2350 καὶ
1124 2308 1307 2351 Πῶλοι
1339 2310 1690 2361 συνίτωσανῧ).

429 2449 552 2488 Venio
582 2450 628 2488 ad
661 2449 876 2488 alteram
911 2449 1075 2489 actionis
1107 2454 1284 2501 partem,
1317 2462 1416 2501 quae
1448 2448 1676 2500 corporis
1704 2454 1843 2488 motu

316 2517 558 2557 continetur.
621 2518 665 2557 ln
689 2530 766 2569 quo
789 2529 935 2568 genere
966 2516 1061 2556 haec
1091 2517 1342 2569 potissimum
1373 2523 1468 2558 sunt
1498 2517 1727 2569 spectanda:
1758 2517 1846 2557 ha-

413 2645 439 2685 ¹)
464 2645 534 2677 Hoc
571 2646 611 2677 de
649 2654 708 2676 sua
744 2644 873 2687 quidem
911 2647 1025 2676 aetate
1062 2648 1199 2676 enarrat
1229 2643 1308 2675 Cic.
1335 2643 1380 2675 de
1407 2654 1424 2675 o
1437 2653 1480 2675 ra
1493 2648 1586 2675 tore
1612 2642 1662 2676 ΙΙΙ.
1689 2645 1741 2678 50.
1770 2643 1844 2678 196.

316 2701 519 2734 Paradox.
547 2703 577 2734 3.
604 2707 691 2734 extr.

410 2760 434 2800 ²)
463 2759 510 2792 Cf.
538 2760 598 2791 De
623 2759 877 2802 Aeschyli.
904 2769 952 2791 re
979 2757 1213 2790 scaenica
1238 2766 1314 2800 pars
1339 2755 1361 2788 l.
1388 2767 1417 2799 p.
1447 2756 1521 2790 143.

409 2815 437 2856 ³)
464 2816 513 2848 Cf.
540 2817 588 2848 Pl
604 2828 623 2847 u
641 2821 654 2847 t
669 2827 685 2848 a
703 2827 719 2848 r
733 2827 750 2847 c
764 2817 794 2847 h.
821 2815 849 2848 A
863 2826 883 2856 g
898 2827 914 2848 e
928 2815 1004 2846 sil.
1031 2826 1058 2846 c.
1086 2815 1139 2847 21.
1166 2812 1384 2855 Καλλιπίδης
1415 2811 1434 2845 ὁ
1461 2813 1532 2845 τῶν
1556 2814 1732 2859 τραγικῶν
1756 2810 1846 2846 ὑπο-

320 2870 436 2919 κριτὴς
461 2869 578 2916 ὄνομα
595 2874 654 2906 καὶ
673 2871 783 2910 δόξαν
799 2872 891 2916 ἔχων
907 2872 944 2905 ἐν
963 2868 1194 2913 τοΐς“Ἐλλησι
1210 2869 1268 2902 καὶ
1288 2868 1582 2914 σπουδαζόμενος
1599 2867 1672 2903 ὑπὸ
1690 2865 1836 2905 πάντων
