2014 3204
889 243 1172 284 „38-.

261 357 350 408 jede
385 358 499 396 Wez‘se
530 363 641 397 etwas
669 358 911 410 unqeschiclct
940 361 1211 410 ausyedrilchte
1232 360 1344 402 Stelle
1375 363 1475 404 nicht
1504 364 1617 417 volliq
1647 366 1790 418 aufzu-

263 427 396 478 ychen,
428 438 506 465 nur
534 426 710 478 folyemle
739 426 934 467 Annahme
964 429 1085 481 ilbrt'y.
1146 429 1306 481 Pylades
1340 431 1424 470 und
1451 432 1654 485 Bathyllus
1682 434 1795 474 crho-

267 495 337 533 ben
368 495 435 533 das
465 497 654 535 canticum
683 495 784 535 nicht
806 496 903 535 bloss
932 509 984 536 zu
1011 500 1116 537 einer
1145 498 1423 551 selbstdmlz'yen
1442 500 1690 556 Darstelluny
1718 515 1795 544 von

261 567 472 614 yrosserem
506 563 693 615 Umfany,
735 565 904 604 sondern
944 568 995 605 sie
1033 567 1418 608 vervolllcommneten
1455 570 1553 609 auch
1585 570 1659 611 den
1690 570 1794 612 Tanz

266 631 390 672 durch
419 634 501 671 eine
531 632 638 671 mehr
667 634 842 673 reizentle
870 635 951 673 una
981 635 1194 675 kunstvolte
1228 635 1511 678 Gesticulation.
1572 638 1671 678 Dass
1701 640 1795 681 diess

267 702 334 741 cler
354 701 442 741 Fall
466 714 557 748 war,
590 707 670 753 sayt
690 713 767 741 von
786 700 948 753 Pylades
968 705 1197 743 namentlich
1218 704 1418 745 Macrob.
1449 705 1649 747 Satura.
1681 707 1731 747 ΙΙ.
1756 709 1792 748 7.

262 770 334 810 Hic
362 770 561 822 ferebatur
601 776 764 809 mutasse
806 770 915 810 mutis
957 771 1063 811 illius
1106 773 1322 813 saltationis
1365 777 1502 823 ritum,
1550 787 1645 828 quae
1690 778 1794 829 apua

265 842 427 879 maiores
456 841 571 890 viquz’t
601 846 634 879 et
670 845 866 878 venustam
907 841 1105 880 indumisse
1149 845 1353 882 novitatem
1397 850 1461 882 eto.
1520 844 1696 885 Rdumen
1724 848 1794 886 wir

263 919 345 947 mm
370 907 500 958 jenem
533 906 824 954 Grammatilcer‚
868 908 935 948 <ter
962 922 1002 948 so
1030 921 1125 961 yern
1155 910 1222 950 slas
1256 910 1384 951 Ganze
1421 914 1499 964 auf
1537 915 1648 953 einen
1681 913 1792 954 Grio-

263 977 432 1016 chischen
466 977 663 1028 Ursprzmy
693 978 997 1030 zurilchyesilhrt
1026 979 1136 1026 hatte,
1167 991 1203 1018 es
1233 980 1435 1020 immerhin
1464 984 1544 1028 ein,
1592 981 1679 1021 dass
1703 982 1793 1033 jone

265 1046 394 1085 beiden
425 1045 610 1084 Kitnstler
639 1057 713 1085 von
745 1046 812 1086 cler
839 1047 1088 1099 yrz'echz'schen
1119 1047 1326 1096 Orchesmc,
1357 1049 1488 1089 welche
1516 1052 1568 1089 sie
1599 1050 1657 1090 als
1681 1049 1793 1091 Grie-

263 1114 354 1153 chen
384 1113 638 1154 vollkommea
667 1118 754 1154 inne
789 1115 927 1165 hatten,
973 1116 1088 1155 sovt'el
1117 1117 1195 1168 auf
1221 1116 1276 1156 die
1308 1115 1540 1170 Ausbildunq
1583 1118 1665 1158 und
1702 1119 1792 1159 Ver-

262 1183 575 1235 vottlcommmmy
607 1183 676 1222 der
705 1183 969 1224 Pantomt’men
998 1185 1237 1236 ilbertraqen,
1269 1185 1326 1224 als
1355 1188 1406 1225 sie
1436 1187 1668 1227 anwendbar
1695 1189 1791 1240 fan-

269 1252 361 1291 den:
392 1252 472 1290 und
502 1252 604 1303 obz'ye
634 1251 747 1292 Stelle
776 1252 842 1292 hat
870 1255 1088 1305 zoemystens
1117 1254 1212 1292 noch
1241 1256 1347 1293 einen
1377 1253 1487 1294 Sina.

375 1320 513 1360 Miram
555 1320 756 1373 Grysarius
802 1321 927 1361 sensit
970 1321 1088 1361 huius
1134 1321 1207 1360 loci
1251 1334 1336 1361 esse
1379 1322 1573 1371 notitiam,
1620 1336 1793 1377 suaeque

262 1384 486 1429 sententiae
518 1389 770 1438 contrariam,
803 1390 870 1429 sed
903 1396 1037 1429 tamen
1067 1402 1150 1429 non
1180 1390 1308 1442 potuit
1354 1403 1375 1430 a
1406 1404 1448 1431 se
1479 1391 1711 1444 impetrare,
1749 1398 1794 1433 ut

265 1471 381 1498 causa
412 1469 494 1497 non
524 1458 618 1498 satis
650 1459 802 1508 cognita
825 1459 900 1498 sibi
931 1459 1062 1498 mallet
1083 1459 1201 1498 fidem
1233 1459 1435 1510 derogare,
1467 1472 1584 1512 quam
1614 1466 1793 1502 veterum

264 1527 530 1580 qualicunque
562 1527 807 1566 testimonio.

375 1596 533 1635 Etenim
579 1609 668 1635 cum
720 1601 845 1635 totam
890 1595 1228 1648 pantomimorum
1274 1600 1398 1635 artem
1445 1609 1489 1636 ex
1521 1597 1793 1638 Romanorum

262 1664 423 1705 canticis
453 1665 710 1717 repetendam
743 1677 828 1704 esse
859 1665 932 1704 sihi
961 1664 1241 1717 persuasisset,
1288 1677 1381 1704 suae
1426 1665 1623 1716 opinionis
1660 1679 1793 1706 amore

261 1733 525 1786 praepeditus,
550 1734 656 1773 hunc
673 1733 865 1773 Athenaei
882 1734 1013 1773 locum
1031 1738 1099 1772 aut
1116 1745 1235 1773 sensu
1252 1745 1384 1773 carere
1401 1738 1468 1772 aut
1486 1734 1561 1774 hoc
1577 1734 1793 1786 significare

263 1803 414 1849 statuit,
446 1802 628 1853 Pyladem
661 1802 770 1841 illum
819 1807 857 1842 et
886 1802 1103 1854 Bathyllum
1144 1814 1404 1854 quaecunque
1440 1808 1529 1855 apta
1565 1802 1796 1843 viderentur

263 1883 311 1910 ex
342 1871 594 1919 Graecorum,
626 1884 743 1923 quam
778 1872 926 1923 optime
957 1871 1166 1917 callerent,
1212 1871 1420 1922 saltatione
1461 1871 1509 1910 ad
1540 1871 1795 1912 excolendam

260 1939 602 1992 pantomimorum
634 1945 758 1980 artem
781 1939 1005 1980 contulisse.
1054 1939 1162 1986 Quae
1193 1939 1353 1991 quidem
1384 1939 1671 1991 interpretati0‚
1703 1951 1793 1980 cum

259 2011 375 2060 longe
405 2008 470 2048 illa
507 2022 528 2049 a
569 2009 770 2061 scriptoris
811 2008 938 2049 nostri
978 2007 1107 2048 verbis
1147 2009 1327 2056 recedat,
1365 2021 1505 2048 vereor
1543 2019 1595 2048 ne
1632 2008 1792 2049 omnino

261 2079 307 2119 ad
348 2077 539 2129 Grysarii,
587 2089 706 2129 quam
751 2077 826 2117 sibi
872 2077 919 2116 de
959 2077 1134 2118 Romana
1180 2076 1331 2128 origine
1376 2077 1509 2124 finxit,
1553 2077 1792 2118 sententiam

261 2146 504 2186 conformata
561 2145 659 2186 nihil
716 2146 764 2186 ad
821 2146 947 2198 ipsam
997 2145 1268 2185 difficultatem
1318 2145 1602 2198 expediendam
1651 2146 1792 2186 afferre

259 2214 450 2254 videatur.
1373 2251 1375 2253 ,

373 2282 466 2322 Mihi
496 2295 558 2322 res
590 2295 704 2322 secus
736 2282 890 2322 videtur
921 2295 963 2322 se
994 2282 1152 2323 habere.
1203 2281 1302 2321 Nam
1334 2281 1408 2321 etsi
1437 2282 1552 2334 paulo
1584 2281 1792 2323 obscurius

259 2352 358 2391 haec
387 2351 518 2400 verba,
551 2363 680 2403 neque
712 2352 805 2392 satis
836 2357 1020 2391 accurate
1060 2351 1124 2391 illa
1163 2350 1264 2390 dicta
1310 2363 1396 2391 esse
1443 2356 1481 2390 et
1525 2350 1608 2402 ipse
1653 2352 1791 2399 fateor,

260 2426 392 2461 tamen
423 2425 552 2472 aptam
585 2420 783 2472 quandam
816 2419 1069 2468 sententiam,
1101 2432 1269 2472 eamque
1300 2420 1348 2459 ad
1378 2419 1653 2459 illustrandam
1691 2420 1793 2460 hanc

260 2502 358 2542 quae
389 2490 437 2528 de
467 2489 616 2541 origine
647 2488 851 2540 proposita
883 2493 943 2527 est
973 2487 1250 2540 quaestionem
1282 2487 1450 2528 maxime
1478 2487 1662 2527 idoneam
1694 2500 1790 2528 con-

261 2558 387 2598 tinere
418 2557 611 2597 existimo.
673 2557 750 2597 Sed
782 2556 1011 2609 priusquam
1059 2557 1106 2596 ad
1136 2568 1220 2596 rem
1253 2556 1376 2609 ipsam
1408 2556 1628 2608 aggrediar,
1671 2568 1795 2608 pauca

259 2626 307 2666 de
340 2627 573 2666 saltatorum
606 2630 703 2674 arte,
736 2626 862 2677 qualis
883 2625 947 2665 illa
977 2625 1111 2673 fuerit,
1143 2637 1342 2678 exponere
1372 2624 1420 2664 ab
1441 2624 1623 2665 instituto
1654 2629 1792 2665 nostro

259 2706 342 2734 non
375 2699 433 2733 est
464 2693 648 2734 alienum.

374 2762 564 2802 Universa
595 2763 762 2803 saltandi
793 2775 855 2803 ars
886 2763 927 2802 in
957 2761 1147 2802 imitando
1178 2761 1306 2814 posita
1338 2765 1410 2800 est.

373 2831 563 2871 Platon.
596 2833 715 2883 legg.
748 2832 826 2872 Vll.
865 2831 958 2872 876.
991 2842 1023 2870 a.
1069 2832 1295 2884 μίμησις
1338 2828 1438 2868 τῶν
1486 2827 1790 2883 λεγομένων

402 2897 638 2954 σχήμασι
669 2901 926 2954 γενομένη
959 2898 1048 2954 τὴν
1079 2896 1302 2953 ὄρχησιν
1332 2895 1697 2951 ἐξειργάσατο.
