2014 3204
655 1058 729 1109 DE
764 1056 1163 1109 HISTRIONIBUS.

266 1252 462 1299 Absoluta,
494 1265 593 1305 quae
623 1251 671 1292 de
701 1263 839 1292 scaena
870 1251 1146 1303 orchestraque
1166 1249 1340 1303 Aeschyli
1361 1250 1539 1291 instituta
1569 1253 1664 1297 erat,

157 1323 405 1378 quaestione,
440 1321 656 1362 transimus
692 1320 771 1360 iam
802 1320 849 1361 ad
878 1320 1038 1360 alteram
1069 1319 1344 1372 disputationis
1382 1325 1539 1360 nostrae
1575 1331 1666 1372 par-

155 1398 261 1442 tem,
299 1405 374 1445 qua
412 1391 459 1431 de
489 1390 535 1430 iis
566 1390 756 1442 explicare
785 1389 1030 1442 propositum
1059 1388 1174 1439 est¹)‚
1204 1402 1275 1442 per
1304 1401 1404 1442 quos
1434 1393 1542 1428 actae
1571 1392 1667 1428 sunt

153 1460 323 1509 fabulae,
355 1460 400 1500 de
431 1458 686 1500 histrionibus
717 1463 755 1499 et
784 1458 994 1498 choreutis.

577 1570 641 1610 DE
672 1568 880 1611 NUMERO
913 1567 1237 1609 HISTRIONUW.

265 1664 367 1705 Ante
396 1664 628 1717 Aeschylum
664 1676 787 1704 unum
829 1664 923 1705 inde
964 1677 985 1705 a
1014 1662 1224 1716 Thespidis
1263 1660 1506 1714 temporibus
1548 1660 1667 1701 fuisse

154 1734 408 1781 histrionem,
457 1733 523 1786 qui
559 1746 649 1774 cum
687 1734 807 1774 choro
850 1734 1011 1787 eiusque
1050 1732 1225 1786 principe
1262 1743 1466 1772 sermones
1502 1734 1668 1778 sereret,

157 1817 273 1857 supra
314 1810 375 1844 est
413 1802 692 1851 enarratum2).
761 1802 920 1843 Exculta
958 1808 1088 1843 autem
1126 1801 1247 1854 magis
1284 1798 1505 1851 tragoediae
1544 1798 1670 1839 forma

158 1886 388 1926 summaque
417 1871 476 1912 rei
510 1872 696 1924 paulatim
731 1884 752 1912 a
789 1870 897 1911 chori
935 1871 1097 1912 canticis
1135 1869 1311 1910 traducta
1349 1869 1398 1909 ad
1433 1867 1670 1908 histrionum

157 1952 372 1990 sermones,
405 1940 630 1990 (Aristot.
661 1946 786 1993 poet.
818 1953 849 1981 c.
881 1941 907 1979 4
938 1943 961 1989 ξ
996 1935 1318 1990 16.Ἀῖσχύλος
1347 1935 1401 1978 τὰ
1430 1936 1506 1977 τοῦ
1536 1934 1683 1990 χοροῦν

157 2006 375 2064 ἠλάττωσε
412 2008 485 2050 καὶ
529 2007 603 2050 τὸν
637 2008 768 2061 λόγον
809 2006 1177 2063 πρωταγωνιστὴν
1214 2000 1554 2062 παρεσκεύασε),
1592 2005 1669 2046 duo

157 2078 206 2119 ab
246 2078 433 2132 Aeschylo
471 2078 641 2119 instituti
680 2084 773 2119 sunt
812 2079 1023 2119 histriones
1058 2078 1132 2124 ita,
1170 2083 1237 2126 ut,
1277 2089 1365 2117 cum
1406 2080 1521 2116 antea
1558 2074 1668 2116 chori

156 2146 234 2187 dux
261 2147 422 2188 haberet
450 2148 652 2200 primarias
682 2153 831 2201 partes,
866 2148 1007 2189 unicus
1042 2147 1106 2188 ille
1137 2145 1346 2199 Thespidis
1384 2151 1492 2186 actor
1529 2158 1670 2187 secun:

157 2215 296 2263 darias,
327 2217 405 2256 iam
436 2217 569 2267 alteri,
600 2217 668 2270 qui
697 2217 744 2257 ab
773 2218 961 2270 Aeschylo
992 2217 1147 2258 additus
1177 2221 1253 2264 est,
1286 2214 1467 2255 histrioni
1497 2214 1670 2255 tributus

157 2284 208 2325 sit
244 2284 503 2338 principatus,
542 2287 604 2326 cui
643 2293 680 2326 et
716 2277 826 2327 chori
857 2287 934 2327 dux
964 2292 1002 2326 et
1038 2287 1145 2339 prior
1186 2286 1250 2326 ille
1287 2284 1491 2337 Thespidis
1529 2284 1670 2324 histrio

156 2353 443 2405 inservirent3).
502 2355 577 2403 Qui
613 2355 771 2408 quidem
801 2355 961 2403 histrio,
999 2355 1061 2396 cui
1091 2355 1131 2395 in
1160 2354 1321 2407 singulis
1353 2354 1492 2394 fabulis
1522 2354 1672 2407 princi-

155 2436 226 2477 pes
269 2429 398 2476 partes
438 2424 791 2473 demandabantur,
838 2424 1061 2465 nominatus
1102 2429 1162 2464 est
1195 2422 1671 2477 πρωταγωνιστὴς,

250 2610 276 2653 ¹)
300 2610 350 2645 Cf.
374 2610 409 2644 P.
433 2611 457 2644 Ι.
485 2623 514 2655 p.
542 2611 615 2645 128.

248 2667 275 2706 ²)
300 2667 349 2703 Cf.
372 2679 445 2713 pag.
473 2669 547 2704 122.

251 2725 276 2767 ³)
299 2726 419 2760 Brevis
445 2737 520 2761 esse
543 2738 677 2772 possum
702 2728 736 2761 in
760 2728 822 2761 hac
846 2738 883 2761 re
908 2728 1121 2772 exponenda,
1146 2727 1232 2771 quod
1256 2726 1435 2771 plerasque
1460 2736 1572 2759 omnes
1599 2726 1672 2759 eius

159 2782 375 2818 difficultates
399 2786 534 2828 egregie
558 2786 734 2830 expedivit
765 2785 800 2819 C.
824 2785 863 2819 F.
889 2786 1035 2820 Herma
1049 2786 1116 2819 nni
1150 2785 1334 2829 disputatio
1361 2785 1401 2817 de
1427 2784 1671 2818 distributione

158 2852 375 2885 personarum
399 2843 488 2876 iuter
510 2844 695 2878 histriones
721 2844 755 2877 in
779 2844 966 2886 tragoediis
991 2845 1135 2887 graecis.
1168 2843 1337 2885 Max-burgi
1365 2842 1463 2875 1840.
1489 2853 1520 2886 p.
1547 2842 1588 2877 16
1602 2853 1671 2886 sqq.

160 2899 209 2934 Cf.
235 2900 388 2934 Berliner
412 2901 618 2936 Jahrbiicher
643 2900 696 2935 fiir
719 2901 1046 2937 wissenschaftliehe
1071 2900 1199 2936 Rritik.
1248 2901 1346 2937 1843.
1371 2912 1401 2947 p.
1427 2900 1492 2933 387
1518 2911 1588 2945 sqq.
