2014 3204
760 252 1067 292 —117-

158 381 395 422 Graecorum
426 374 676 429 potissimum
706 370 857 417 litteris,
889 379 1055 422 quorum
1097 366 1136 406 in
1169 363 1354 405 omnibus
1383 363 1501 404 rebus
1530 366 1666 403 natura

157 450 231 491 fuit
260 449 340 489 dux
370 453 409 487 et
439 444 634 497 magistra,
664 439 973 482 luculentissime
1009 435 1298 489 comprobatur.
1356 435 1518 474 Constat
1538 433 1668 480 enim,

158 533 206 560 ex
235 518 282 559 iis
312 513 493 570 inprimis
524 511 695 558 canticis,
727 522 826 562 quae
855 507 898 547 in
918 506 1076 558 Dionysi
1107 505 1226 545 sacris
1256 508 1408 543 cantata
1439 507 1545 549 sunt,
1577 514 1668 542 sen-

157 588 231 629 sim
261 586 418 627 fluxisse
438 583 636 625 scaenicae
654 580 713 620 vel
733 577 966 620 dramaticae
995 575 1124 629 poesis
1154 573 1379 626 primordia.
1429 571 1511 612 Hoc
1539 577 1668 611 autem

159 655 358 712 quomodo
389 655 535 695 factum
566 652 617 692 sit
646 662 719 690 nec
748 653 809 689 est
837 647 954 688 huius
985 643 1155 686 instituti
1186 642 1384 695 copiosius
1414 641 1602 694 explicare
1633 645 1671 680 et

161 727 208 768 ab
239 726 323 767 aliis
355 723 504 776 egregie
535 725 595 761 est
625 719 856 771 expositum.
916 715 1104 755 Nostrum
1132 713 1208 752 hoc
1241 716 1395 751 tantum
1440 714 1511 756 est,
1557 721 1671 749 enar-

158 807 266 843 rare,
310 805 400 834 cum
443 791 616 844 primum
648 801 695 828 ex
724 786 868 827 melicis
906 783 1034 824 choris
1064 781 1174 835 quasi
1220 785 1484 821 succresceret
1514 779 1669 819 drama-

159 860 279 906 ticum
308 860 437 914 poesis
467 871 591 911 genus
628 857 917 907 choreutaeque
959 864 1039 892 non
1085 852 1211 891 solum
1258 849 1464 889 concinere
1509 849 1670 897 cantica,

158 933 225 975 sed
255 931 370 972 etiam
392 940 595 970 sermones
625 927 727 967 inter
757 938 798 965 se
818 928 976 964 nectere
998 921 1227 974 coepissent,
1259 919 1472 970 (Diogen.
1507 917 1566 958 La
1579 923 1667 957 ert.

157 1002 222 1043 111.
253 1000 319 1040 56.
351 994 500 1049 ὥσπερ
531 994 580 1037 δὲ
610 994 657 1036 τὸ
688 991 883 1036 παλαιὸν
920 990 963 1032 ἓν
997 990 1047 1044 τῇ
1076 987 1298 1044 τραγῳδίᾳ
1343 985 1551 1040 πρότερον
1595 983 1673 1040 μὲν

159 1064 290 1124 μόνος
335 1064 358 1109 ὁ
402 1065 529 1120 χορὸς
566 1059 1015 1117 διεδραμάτιζεν,
1060 1056 1239 1112 ὕστερον
1283 1055 1331 1098 δὲ
1377 1058 1548 1104 Θέσπις
1597 1058 1672 1097 ἕνα

158 1135 398 1191 ὑποκριτήν
428 1132 595 1189 ἐξεῦρεν
624 1127 735 1186 ὑπὲρ
765 1130 841 1172 τοῦ
872 1126 1235 1172 διαναπαύεσθαι
1264 1126 1341 1168 τὸν
1370 1124 1534 1181 χορόν.)
1581 1139 1670 1166 eum

160 1222 207 1249 ex
236 1207 354 1248 choro
385 1205 452 1258 qui
482 1202 804 1244 confabulaturus
836 1206 940 1240 esset
970 1212 1057 1240 cum
1089 1198 1248 1251 reliquis
1280 1196 1527 1237 adscendisse
1557 1208 1671 1235 men—

160 1289 244 1318 sam
274 1275 321 1315 ad
341 1274 557 1316 hostiarum
590 1282 728 1310 carnes
749 1270 965 1310 caedendas
996 1281 1119 1321 prope
1140 1279 1245 1308 aram
1277 1267 1503 1319 appositam.
1551 1265 1671 1305 Poll.

161 1343 323 1383 Onom.
354 1341 416 1380 IV.
453 1339 543 1380 123.
596 1336 739 1386 Ἐλεὸς
775 1335 818 1378 δ’
850 1334 903 1392 ἦν
932 1335 1124 1390 τράπεζα
1156 1332 1328 1389 ἀρχαία,
1374 1331 1446 1390 ἐφ’
1492 1330 1543 1389 ἢν
1587 1331 1672 1387 πρὸ

163 1409 387 1458 Θέσπιδος
417 1407 479 1456 εἷς
507 1422 574 1455 τις
604 1403 771 1459 ἆναβοές
800 1413 894 1456 τοῖς
922 1412 1148 1460 χορευταῖς
1178 1402 1489 1458 ἇπεκρίνατοῑ).
1547 1400 1674 1453 Atque

161 1479 262 1519 hanc
291 1478 449 1530 quidem
481 1489 673 1523 mensam,
714 1476 761 1515 de
791 1489 868 1528 qua
899 1476 1164 1516 recitabantur
1209 1479 1247 1514 et
1290 1472 1531 1524 agebantur,
1577 1481 1675 1522 quae

161 1552 340 1600 exempta
371 1560 417 1587 ex
448 1546 618 1586 universi
648 1545 756 1585 chori
786 1544 959 1597 partibus
1001 1544 1082 1583 sive
1112 1542 1253 1594 singuli
1299 1552 1436 1581 omnes
1480 1540 1585 1579 inter
1632 1552 1674 1579 se

162 1617 241 1658 sive
272 1615 378 1656 solus
411 1616 519 1656 chori
551 1615 628 1655 dux
659 1613 952 1666 colloquebatur
982 1625 1070 1653 cum
1093 1611 1304 1657 choreutis,
1334 1615 1438 1650 recte
1469 1608 1675 1648 nominare

161 1697 372 1738 possumus
413 1697 624 1725 scaenae
669 1682 911 1735 originem2).
971 1680 1311 1731 Quemadmodum
1359 1679 1463 1718 enim
1506 1682 1591 1717 tum
1636 1676 1676 1716 in

162 1766 298 1794 mensa
327 1754 389 1793 illa
418 1753 445 1793 ii
476 1753 653 1793 solebant
684 1757 787 1792 stare
818 1752 1038 1799 choreutae‚
1075 1750 1142 1803 qui
1173 1749 1282 1802 quasi
1327 1754 1502 1788 actorum
1547 1751 1675 1799 partes

162 1823 437 1875 suscepissent,
469 1822 525 1862 sic
553 1827 688 1874 postea
718 1821 974 1861 histrionibus
1006 1820 1054 1860 ad
1085 1819 1279 1871 agendum
1310 1818 1398 1858 data
1431 1822 1490 1857 est
1522 1828 1673 1857 scaena.

163 1892 256 1932 Erat
285 1897 428 1936 autem,
460 1890 610 1942 opinor,
644 1903 777 1930 mensa
803 1891 864 1930 illa
895 1891 954 1929 vel
984 1889 1086 1929 aliud
1108 1887 1306 1941 quoddam
1337 1886 1531 1939 pulpitum
1563 1897 1677 1926 men-

164 1973 230 2000 sae
273 1960 400 2000 simile
430 1959 578 1999 tamdiu
607 1959 648 1998 in
680 1959 878 1998 orchestra
910 1958 1188 2004 constitutum,
1234 1955 1420 2008 quamdiu
1463 1955 1534 1994 soli
1584 1955 1677 1994 cho-

164 2033 300 2070 reutae
328 2029 432 2069 inter
460 2041 503 2069 se
533 2027 704 2067 diverbia
735 2027 975 2077 faciebantss),
1006 2027 1136 2078 itaque
1166 2025 1307 2077 duplex
1352 2032 1390 2064 et
1433 2029 1606 2064 actorum
1640 2030 1679 2064 et

164 2094 272 2135 chori
309 2107 454 2136 munus
499 2096 758 2136 sustinebant.
820 2097 915 2136 Cum
962 2101 1091 2136 autem
1136 2094 1178 2134 in
1208 2092 1441 2133 dramaticae
1472 2093 1566 2133 artis
1595 2093 1678 2132 for-

164 2176 266 2205 mam
313 2164 434 2216 magis
473 2165 675 2218 magisque
704 2165 977 2217 redigerentur
1022 2164 1185 2210 fabulae,
1237 2175 1338 2215 quae
1384 2166 1496 2202 antea
1546 2161 1673 2214 lyricis

165 2238 320 2273 tantum
351 2234 480 2274 choris
511 2234 830 2283 continebantur,
863 2240 900 2274 et
929 2234 1020 2274 inde
1050 2247 1070 2273 a
1101 2231 1308 2285 Thespidis
1337 2230 1582 2283 temporibus
1612 2230 1675 2270 in-

163 2303 366 2343 troductus
412 2308 515 2344 esset
560 2308 715 2356 praeter
753 2303 916 2343 chorum
948 2315 1050 2343 unus
1096 2301 1300 2355 peculiaris
1345 2300 1482 2353 aliquis
1523 2300 1676 2346 histrio,

164 2372 231 2424 qui
260 2371 437 2424 pluribus
467 2372 651 2425 deinceps
682 2372 856 2424 partibus
888 2371 1079 2424 susceptis
1125 2384 1212 2411 cum
1246 2371 1363 2410 choro
1395 2375 1528 2423 posset
1558 2370 1678 2410 collo-

258 2477 280 2518 ¹)
305 2475 353 2509 Cf.
381 2476 487 2509 Orion
513 2476 616 2510 Theb.
655 2477 767 2520 Etym.
792 2488 822 2520 p.
849 2476 902 2509 72.
929 2474 1057 2519 Kyrill.
1090 2476 1206 2508 Lexic.
1232 2486 1325 2507 mser.
1361 2474 1446 2517 apud
1481 2474 1611 2507 Albert.
1636 2474 1678 2506 ad

165 2535 309 2579 Hesych,
333 2533 357 2567 Ι.
382 2545 412 2578 p.
440 2534 535 2567 1743.
562 2534 673 2578 Etym.
691 2533 799 2575 Magn.
818 2534 901 2566 458:
927 2533 982 2566 30.
998 2533 1060 2566 Fr.
1079 2533 1321 2574 Wieseler,
1347 2532 1428 2564 iiber
1446 2532 1499 2564 die
1515 2531 1676 2574 Thymele

166 2593 224 2626 des
238 2592 471 2635 griechischen
486 2591 649 2625 Theaters
663 2603 693 2635 p.
713 2592 754 2624 23
768 2602 838 2635 sqq.
851 2591 1111 2634 Sommerbrodt‚
1130 2590 1375 2634 disputationes
1390 2589 1562 2622 scaenicae
1576 2598 1605 2631 p.
1621 2587 1676 2621 VI.

166 2649 332 2691 [Scaenica
345 2660 374 2692 p.
390 2650 431 2682 23
448 2649 528 2693 sqq.]

257 2706 283 2748 ²)
307 2706 408 2740 Recte
432 2707 495 2739 hoc
519 2707 641 2739 statuit
667 2706 729 2739 Fr.
756 2706 986 2748 Wieseler,
1011 2707 1093 2740 iiber
1118 2707 1171 2739 die
1187 2705 1348 2749 Thymele
1365 2716 1394 2748 p.
1413 2703 1467 2747 26,
1485 2714 1677 2747 quamqualn

167 2765 203 2796 in
228 2765 363 2806 ceteris,
387 2774 469 2807 quae
495 2764 543 2797 ibi
569 2766 608 2797 de
634 2765 783 2808 thymele
800 2766 986 2808 proposuit,
1011 2766 1148 2798 videtur
1163 2773 1305 2796 errasse.
1343 2761 1392 2794 Cf.
1418 2761 1678 2795 Jahrbiicher

167 2820 190 2854 f.
203 2820 439 2864 philologio
454 2833 484 2854 u.
499 2821 686 2864 Padagog
697 2823 738 2854 ik
753 2822 849 2855 1847.
864 2823 932 2856 vol.
945 2822 1087 2865 5l,fasc.
1100 2821 1123 2854 Ι.
1136 2834 1164 2865 p.
1178 2822 1219 2854 25
1229 2831 1297 2864 sqq.
1321 2819 1490 2863 [Scaenica
1501 2830 1530 2862 p.
1543 2819 1583 2852 88
1594 2819 1674 2862 sqq.]

169 2879 309 2912 Orelli
326 2879 366 2912 ad
389 2878 505 2913 Horat.
531 2885 596 2913 art.
624 2881 746 2923 poetic.
773 2891 806 2913 v.
833 2879 908 2913 276.

257 2934 283 2979 ³)
309 2936 479 2977 Diogen.
506 2937 642 2971 Laert.
670 2938 691 2971 l.
718 2938 740 2970 1.
