2014 3204
947 250 1257 292 -188—

341 370 516 410 tunicam
549 374 588 410 et
618 381 715 416 eam,
747 380 864 421 quam
896 369 1032 420 tragici
1062 367 1273 409 histriones
1294 368 1334 408 in
1365 381 1505 409 scaena
1526 369 1736 412 habehant,
1786 371 1867 411 No-

342 438 517 478 minatur
547 437 650 478 enim
681 437 813 478 tunica
843 437 907 478 illa
944 437 1086 490 tragica
1129 435 1399 478 ποικίλον.
1458 438 1576 479 Poll.
1609 438 1773 479 Onom.
1802 440 1864 480 IV.

346 506 438 546 115.
500 504 574 545 καὶ
596 503 782 559 ἐσθῆτες
809 504 888 559 μὲν
908 504 1110 561 τραγικαὶ
1133 504 1407 547 ποικίλονι
1439 501 1550 547 οὕτω
1567 505 1650 562 γὰρ
1670 505 1867 550 ἐκαλεῖτο

343 572 367 615 ὁ
395 571 546 625 χιτών·
579 574 684 626 quod
715 587 840 626 genus
872 588 938 615 eos
969 579 1073 615 certe
1106 574 1173 627 qui
1202 574 1373 614 Deorum
1406 575 1467 615 vel
1495 575 1717 628 principum
1737 582 1869 629 partes

343 649 600 696 susceperant
630 655 856 696 usurpasse,
890 643 1096 683 manifeste
1134 643 1396 695 comprobant
1426 643 1546 684 Poll.
1580 643 1664 684 On.
1693 644 1753 686 IV.
1789 645 1867 685 116

344 710 572 765 κόλπωμα,
606 707 629 752 ὃ
660 708 794 765 ὑπὲρ
825 710 886 752 τὰ
917 708 1153 752 ποικίλα
1192 710 1442 752 ἕνεδέδυντο
1484 709 1533 752 οἳ
1557 709 1767 766 Ἀτρεῖς
1797 711 1871 753 καὶ

339 777 727 835 Ἀγαμέμνονες
757 779 831 820 καὶ
863 776 960 821 ὅσοι
991 780 1200 821 τοιοῦτοι.
1260 780 1377 820 Poll.
1411 780 1496 820 On.
1528 781 1606 821 VII.
1638 782 1705 821 47.
1750 779 1800 822 τὸ
1822 779 1872 822 δὲ

342 847 549 908 ἵτοικὶλον
578 843 799 890 Διονύσου
834 848 968 901 χιτών
1007 845 1227 900 Βακχικός
1259 848 1461 900 [Wieseler
1493 846 1659 903 βαλιὸς]
1672 849 1722 903 1).
1769 850 1872 898 Quid

344 924 476 959 autem
506 919 625 959 fuerit
656 917 908 967 discriminis,
941 931 987 958 ex
1018 918 1140 971 ipsius
1172 917 1351 958 vocabuli
1372 918 1653 970 significatione
1676 918 1787 959 facile
1807 919 1872 958 in-

342 988 552 1040 tellegitur.
613 987 682 1027 Est
712 987 817 1027 enim
851 1000 916 1027 πο
932 985 1116 1027 ικίλον
1138 987 1254 1027 vestis
1277 998 1358 1026 non
1378 986 1558 1038 vulgaris,
1588 986 1658 1026 sed
1687 986 1871 1027 distincta

345 1063 384 1097 et
414 1061 552 1097 ornata
591 1055 770 1103 floribus,
809 1056 951 1103 stellis,
992 1054 1248 1102 animalibus,
1289 1054 1373 1094 aliis
1403 1053 1521 1093 rebus
1554 1054 1629 1106 ipsi
1660 1054 1872 1095 artificiose

344 1126 516 1166 intextis.
578 1125 783 1177 Hesyoh.
815 1120 1031 1172 ποικίλον,
1064 1120 1240 1177 ἱμάτιον
1264 1119 1548 1175 ζωγραφητόν
1570 1121 1695 1173 [Phot.
1719 1119 1874 1163 ποικί-

343 1192 438 1235 λον·
476 1193 525 1234 τὸ
569 1190 867 1234 Διονυσιακὸν
905 1188 1081 1246 ἱμάτιον
1119 1187 1254 1238 οὕτως
1299 1187 1456 1239 ἔλεγον.
1523 1189 1663 1230 Bekk.
1693 1191 1868 1232 Anecd.

343 1278 381 1318 p.
413 1262 508 1311 289,
540 1261 605 1303 22.
637 1262 846 1304 ποικίλον
878 1293 887 1302 .
921 1292 930 1302 .
963 1291 972 1301 .
1004 1259 1176 1311 λέγεται
1207 1257 1254 1300 δὲ
1278 1255 1350 1299 καὶ
1369 1255 1418 1299 τὸ
1440 1258 1742 1301 Διονυσιακὸν
1765 1257 1871 1314 ἱμά-

345 1333 470 1383 τιον].
531 1331 666 1372 Plato
698 1331 837 1372 Civit.
870 1330 965 1371 VIII.
997 1330 1093 1371 557.
1116 1343 1146 1369 o.
1166 1332 1501 1369 commemoratur
1521 1324 1699 1381 ἱμάτιον
1720 1330 1875 1370 ποικί-

344 1399 421 1441 λον
451 1401 594 1441 πᾶσιν
624 1397 787 1441 ἄνθεσι
819 1397 1232 1453 πεποικιλμένονῖ).
1290 1397 1448 1447 Εοᾱοῐῐιι
1476 1396 1734 1437 referendum
1765 1398 1874 1439 vide-

345 1475 411 1509 tur
441 1469 557 1509 Poll.
591 1468 755 1509 Onom.
785 1469 862 1510 vll.
896 1469 962 1509 55.
995 1462 1018 1509 ὁ
1051 1465 1099 1508 δὲ
1122 1464 1404 1513 κατάστικτος
1432 1463 1565 1517 χιτών
1586 1463 1708 1506 ἐστιν
1727 1463 1754 1506 ὁ
1769 1461 1876 1518 ἔχων

349 1536 435 1585 ζῶα
464 1535 490 1592 ἢ
521 1535 636 1592 ἄνθη
668 1536 949 1592 ἐνυφασμένα
970 1537 1108 1576 Phot.
1138 1529 1426 1575 κατάστικτον
1455 1535 1716 1586 χιτωνίσκου
1738 1535 1874 1586 γένος.

347 1608 456 1654 Quae
478 1610 710 1646 ornamenta
741 1605 896 1658 saepius
927 1604 1051 1646 fuisse
1081 1616 1197 1645 aurea
1220 1609 1258 1644 et
1288 1603 1349 1644 alii
1383 1603 1527 1644 docent
1559 1608 1598 1643 et
1619 1603 1875 1645 Lucianus

346 1675 383 1715 M
397 1676 509 1728 enip
523 1688 559 1728 p.
585 1675 648 1715 16.
672 1672 751 1729 ἤδη
776 1672 825 1714 δὲ
842 1675 978 1729 πέρας
996 1671 1166 1726 ἔχοντος
1182 1672 1258 1713 τοῦ
1280 1669 1513 1726 δράματος,
1537 1667 1876 1728 ἀποδυσάμενος

349 1745 528 1792 ἕκαστος
567 1740 710 1784 αὐτῶν
751 1741 829 1797 τήν
873 1757 899 1794 χ
916 1740 1264 1797 ρυσόπαστον
1305 1739 1474 1794 ἐκείνην
1512 1738 1684 1795 ἐσθῆτα
1713 1738 1787 1782 καὶ
1827 1739 1876 1782 τὸ

350 1818 637 1867 προσωπεῖον
667 1808 953 1865 ἀποθέμενος
983 1825 1020 1851 κ.
1053 1825 1087 1850 τ.
1120 1808 1157 1850 λ.

460 1882 667 1921 Praeterea
691 1882 786 1921 tales
809 1886 921 1921 erant
941 1892 1054 1932 saepe
1076 1879 1161 1919 illae
1182 1878 1349 1925 tunicae,
1370 1882 1415 1917 ut
1435 1888 1517 1917 non
1539 1878 1668 1919 solum
1685 1890 1811 1933 usque
1828 1879 1876 1920 ad

350 1951 450 1990 talos
472 1950 769 1998 descenderent,
802 1950 869 1990 sed
891 1951 1058 1990 fluentes
1078 1948 1120 1988 in
1141 1948 1227 2001 ipso
1249 1946 1332 1986 solo
1353 1946 1605 1987 traherentur
1634 1947 1880 2001 humumque

349 2020 460 2072 quasi
477 2023 678 2059 verrerent
697 2014 870 2072 (συρτός
885 2015 1028 2070 χιτών,
1046 2014 1218 2072 σ’ύρμα).
1249 2015 1333 2055 Cra
1347 2028 1385 2055 m
1399 2027 1453 2055 er
1472 2015 1644 2056 Anecd.
1665 2017 1690 2056 l.
1713 2016 1736 2056 1.
1759 2016 1879 2057 Poll.

349 2088 515 2128 Onom.
546 2089 606 2128 IV.
640 2088 706 2128 67.
740 2086 883 2141 σύρμα
914 2086 963 2128 δέ
984 2082 1076 2127 ἐστι
1109 2082 1315 2140 τραγικὸν
1336 2081 1516 2138 φόρημα
1546 2081 1881 2139 ἓπισυρόμενον.

351 2157 454 2204 Quas
477 2157 634 2209 quidem
657 2157 749 2196 viris
769 2156 1007 2209 feminisque
1030 2166 1261 2195 communes
1282 2152 1419 2199 fuisse,
1442 2152 1475 2191 si
1496 2153 1630 2193 minus
1650 2165 1881 2204 graecarum

350 2226 510 2277 quidem
547 2225 768 2265 litterarum
805 2225 881 2265 fide
919 2230 957 2265 at
993 2224 1086 2264 artis
1123 2221 1361 2275 quibusdam
1406 2220 1559 2260 indiciis
1602 2221 1695 2261 satis
1737 2222 1881 2275 proba-

351 2294 472 2342 turss).
533 2293 777 2345 Purpuream
817 2293 993 2335 tunicam
1032 2291 1234 2345 propriam
1273 2289 1511 2330 feminarum
1549 2289 1731 2331 nominat
1765 2290 1878 2331 Poll.

444 2470 471 2511 ¹)
495 2468 544 2502 Cf.
571 2468 663 2501 Hor.
690 2473 766 2501 art.
792 2473 898 2511 poet.
926 2467 1001 2499 278.
1027 2468 1110 2500 Post
1140 2467 1228 2499 hunc
1250 2474 1414 2509 personae
1445 2463 1619 2508 pallaeque
1649 2466 1799 2508 repertor
1823 2464 1882 2497 Ιιο-

349 2529 465 2559 nestae
498 2525 696 2570 Aeschylus.
723 2543 765 2548 —-
790 2524 940 2557 Isidor.
972 2523 1119 2565 Origg.
1149 2523 1200 2555 19.
1231 2523 1285 2555 25.
1312 2522 1342 2554 2.
1369 2520 1535 2565 quadram
1557 2521 1689 2565 pallam
1705 2520 1883 2555 muliebris

352 2586 453 2616 vestis
477 2583 658 2617 deductam
683 2593 785 2626 usque
809 2582 855 2615 ad
878 2582 1031 2624 vestig-ia,
1059 2590 1143 2623 quae
1168 2580 1300 2624 asfioeis
1325 2581 1360 2611 ιή
1386 2578 1537 2612 ordinem
1559 2579 1708 2621 gemmis
1731 2579 1846 2611 micat.

445 2641 469 2679 2)
496 2641 572 2674 Etsi
591 2651 656 2673 uon
675 2639 890 2683 improbabile
909 2643 974 2680 est,
999 2635 1150 2683 ἱμάτιον
1167 2643 1202 2671 ot
1219 2634 1331 2682 χιτών
1348 2647 1412 2669 non
1430 2636 1534 2668 semel
1551 2644 1625 2668 esse
1642 2640 1767 2667 temere
1794 2632 1883 2668 comss

353 2704 490 2741 mutata,
509 2698 592 2731 nihil
613 2699 733 2738 obstat,
748 2697 921 2740 quominus
936 2695 1037 2729 etiam
1055 2695 1204 2737 himatia,
1218 2705 1301 2738 quae
1320 2705 1419 2727 sensu
1434 2692 1570 2736 proprio
1584 2692 1671 2724 idem
1687 2692 1884 2734 significant

354 2756 439 2798 quod
463 2756 679 2801 περίβλημα,
706 2754 858 2787 ποικίλα
883 2753 918 2786 id
951 2758 1004 2786 est
1029 2763 1067 2785 eo
1100 2753 1196 2785 modo
1224 2756 1343 2784 ornata
1374 2750 1480 2783 fuisse
1505 2749 1692 2792 credamus,v
1717 2754 1756 2782 ut
1780 2759 1882 2792 supra

354 2813 580 2856 exposuimus.

445 2869 471 2910 3)
499 2869 559 2911 [Cf.
598 2869 791 2910 Wieseler,
831 2868 1131 2909 Theatergebiiude
1173 2869 1237 2901 und
1263 2866 1465 2900 Denkmiiler
1507 2866 1565 2899 des
1600 2865 1887 2899 Biih‘nenweseus.

355 2926 435 2960 Tab.
461 2926 546 2960 Xlll.
576 2928 619 2968 2.]
1706 2927 1711 2932 ”

2006 2812 2014 2903 3

2000 2905 2014 2944 Ξ
