<?xml version="1.0" encoding="UTF-8"?>
<!DOCTYPE html PUBLIC "-//W3C//DTD XHTML 1.0 Transitional//EN"
    "http://www.w3.org/TR/xhtml1/DTD/xhtml1-transitional.dtd">
<html xmlns="http://www.w3.org/1999/xhtml" xml:lang="en" lang="en">
 <head>
  <title>
</title>
<meta http-equiv="Content-Type" content="text/html;charset=utf-8" />
  <meta name='ocr-system' content='tesseract 3.04.00' />
  <meta name='ocr-capabilities' content='ocr_page ocr_carea ocr_par ocr_line ocrx_word'/>
</head>
<body>
  <div class='ocr_page' id='page_1' title='image "./scaenicacollecta00sommuoft_0187.png"; bbox 0 0 2014 3204; ppageno 0'>
   <div class='ocr_carea' id='block_1_1' title="bbox 715 231 1025 270">
    <p class='ocr_par' dir='ltr' id='par_1_1' title="bbox 715 231 1025 270">
     <span class='ocr_line' id='line_1_1' title="bbox 715 231 1025 270; baseline 0 0"><span class='ocrx_word' id='word_1_1' title='bbox 715 231 1025 270; x_wconf 75' lang='lat'>—175—</span> 
     </span>
    </p>
   </div>
   <div class='ocr_carea' id='block_1_2' title="bbox 114 345 1629 1369">
    <p class='ocr_par' dir='ltr' id='par_1_2' title="bbox 114 345 1629 1011">
     <span class='ocr_line' id='line_1_2' title="bbox 119 345 1629 403; baseline -0.006 -10"><span class='ocrx_word' id='word_1_2' title='bbox 119 350 274 393; x_wconf 85' lang='lat' dir='ltr'>vissima</span> <span class='ocrx_word' id='word_1_3' title='bbox 304 350 430 403; x_wconf 86' lang='lat' dir='ltr'>aliqua</span> <span class='ocrx_word' id='word_1_4' title='bbox 458 362 574 389; x_wconf 82' lang='lat' dir='ltr'>causa</span> <span class='ocrx_word' id='word_1_5' title='bbox 603 349 804 389; x_wconf 85' lang='lat' dir='ltr'>adductos.</span> <span class='ocrx_word' id='word_1_6' title='bbox 863 348 966 388; x_wconf 89' lang='lat' dir='ltr'>Num</span> <span class='ocrx_word' id='word_1_7' title='bbox 995 359 1087 388; x_wconf 90' lang='lat' dir='ltr'>vero</span> <span class='ocrx_word' id='word_1_8' title='bbox 1121 346 1339 387; x_wconf 87' lang='lat' dir='ltr'>necessaria</span> <span class='ocrx_word' id='word_1_9' title='bbox 1370 351 1429 387; x_wconf 86' lang='lat' dir='ltr'>est</span> <span class='ocrx_word' id='word_1_10' title='bbox 1456 345 1520 385; x_wconf 91' lang='lat' dir='ltr'>hic</span> <span class='ocrx_word' id='word_1_11' title='bbox 1548 349 1629 384; x_wconf 84' lang='lat' dir='ltr'>ter-</span> 
     </span>
     <span class='ocr_line' id='line_1_3' title="bbox 117 413 1627 472; baseline -0.005 -11"><span class='ocrx_word' id='word_1_12' title='bbox 117 420 170 461; x_wconf 85' lang='lat' dir='ltr'>tia</span> <span class='ocrx_word' id='word_1_13' title='bbox 190 419 332 461; x_wconf 88' lang='lat' dir='ltr'>actoris</span> <span class='ocrx_word' id='word_1_14' title='bbox 362 416 558 472; x_wconf 76' lang='lat' dir='ltr'>persona?</span> <span class='ocrx_word' id='word_1_15' title='bbox 589 418 729 459; x_wconf 82' lang='lat' dir='ltr'><strong>Nonne</strong></span> <span class='ocrx_word' id='word_1_16' title='bbox 759 416 941 457; x_wconf 82' lang='lat' dir='ltr'><strong>facillime</strong></span> <span class='ocrx_word' id='word_1_17' title='bbox 970 417 1116 457; x_wconf 84' lang='lat' dir='ltr'>omissa</span> <span class='ocrx_word' id='word_1_18' title='bbox 1145 416 1217 457; x_wconf 87' lang='lat' dir='ltr'>hac</span> <span class='ocrx_word' id='word_1_19' title='bbox 1237 415 1361 468; x_wconf 90' lang='lat' dir='ltr'>prima</span> <span class='ocrx_word' id='word_1_20' title='bbox 1382 426 1522 455; x_wconf 88' lang='lat' dir='ltr'>scaena</span> <span class='ocrx_word' id='word_1_21' title='bbox 1551 413 1627 454; x_wconf 90' lang='lat' dir='ltr'>ini-</span> 
     </span>
     <span class='ocr_line' id='line_1_4' title="bbox 116 484 1627 541; baseline -0.004 -12"><span class='ocrx_word' id='word_1_22' title='bbox 116 489 172 531; x_wconf 88' lang='lat' dir='ltr'>tio</span> <span class='ocrx_word' id='word_1_23' title='bbox 202 488 426 541; x_wconf 79' lang='lat' dir='ltr'>tragoediae</span> <span class='ocrx_word' id='word_1_24' title='bbox 460 492 682 528; x_wconf 86' lang='lat' dir='ltr'>monstrare</span> <span class='ocrx_word' id='word_1_25' title='bbox 719 491 875 539; x_wconf 87' lang='lat' dir='ltr'>poterat</span> <span class='ocrx_word' id='word_1_26' title='bbox 904 485 1187 525; x_wconf 81' lang='lat' dir='ltr'><strong>Prometheum</strong></span> <span class='ocrx_word' id='word_1_27' title='bbox 1225 484 1383 524; x_wconf 84' lang='lat' dir='ltr'>affixum</span> <span class='ocrx_word' id='word_1_28' title='bbox 1420 484 1498 524; x_wconf 90' lang='lat' dir='ltr'>iam</span> <span class='ocrx_word' id='word_1_29' title='bbox 1535 496 1627 523; x_wconf 86' lang='lat' dir='ltr'>saxo</span> 
     </span>
     <span class='ocr_line' id='line_1_5' title="bbox 117 553 1628 609; baseline -0.003 -10"><span class='ocrx_word' id='word_1_30' title='bbox 117 570 208 598; x_wconf 91' lang='lat' dir='ltr'>cum</span> <span class='ocrx_word' id='word_1_31' title='bbox 246 558 417 598; x_wconf 83' lang='lat' dir='ltr'>Vulcano</span> <span class='ocrx_word' id='word_1_32' title='bbox 454 557 764 609; x_wconf 78' lang='lat' dir='ltr'>colloquentem,</span> <span class='ocrx_word' id='word_1_33' title='bbox 802 554 920 595; x_wconf 87' lang='lat' dir='ltr'>simili</span> <span class='ocrx_word' id='word_1_34' title='bbox 958 555 1096 603; x_wconf 90' lang='lat' dir='ltr'>modo,</span> <span class='ocrx_word' id='word_1_35' title='bbox 1139 567 1216 607; x_wconf 92' lang='lat' dir='ltr'>quo</span> <span class='ocrx_word' id='word_1_36' title='bbox 1257 553 1298 593; x_wconf 90' lang='lat' dir='ltr'>in</span> <span class='ocrx_word' id='word_1_37' title='bbox 1334 554 1628 605; x_wconf 82' lang='lat' dir='ltr'>Agamemnone</span> 
     </span>
     <span class='ocr_line' id='line_1_6' title="bbox 118 622 1628 679; baseline -0.004 -12"><span class='ocrx_word' id='word_1_38' title='bbox 118 639 200 667; x_wconf 92' lang='lat' dir='ltr'>non</span> <span class='ocrx_word' id='word_1_39' title='bbox 228 626 386 679; x_wconf 85' lang='lat' dir='ltr'>prodire</span> <span class='ocrx_word' id='word_1_40' title='bbox 414 624 457 665; x_wconf 91' lang='lat' dir='ltr'>in</span> <span class='ocrx_word' id='word_1_41' title='bbox 487 637 667 665; x_wconf 82' lang='lat' dir='ltr'>scaenam</span> <span class='ocrx_word' id='word_1_42' title='bbox 698 624 886 664; x_wconf 83' lang='lat' dir='ltr'>videmus</span> <span class='ocrx_word' id='word_1_43' title='bbox 905 624 1124 672; x_wconf 86' lang='lat' dir='ltr'>custodem,</span> <span class='ocrx_word' id='word_1_44' title='bbox 1155 623 1226 663; x_wconf 90' lang='lat' dir='ltr'>sed</span> <span class='ocrx_word' id='word_1_45' title='bbox 1258 622 1299 662; x_wconf 92' lang='lat' dir='ltr'>in</span> <span class='ocrx_word' id='word_1_46' title='bbox 1328 622 1410 675; x_wconf 83' lang='lat' dir='ltr'>ipsa</span> <span class='ocrx_word' id='word_1_47' title='bbox 1439 622 1540 663; x_wconf 89' lang='lat' dir='ltr'>turri</span> <span class='ocrx_word' id='word_1_48' title='bbox 1569 622 1628 661; x_wconf 91' lang='lat' dir='ltr'>vi-</span> 
     </span>
     <span class='ocr_line' id='line_1_7' title="bbox 115 691 1628 747; baseline -0.002 -12"><span class='ocrx_word' id='word_1_49' title='bbox 115 691 332 747; x_wconf 80' lang='lat' dir='ltr'>gilantem?</span> <span class='ocrx_word' id='word_1_50' title='bbox 375 694 523 742; x_wconf 85' lang='lat' dir='ltr'>Quodsi</span> <span class='ocrx_word' id='word_1_51' title='bbox 560 693 686 734; x_wconf 88' lang='lat' dir='ltr'>noluit</span> <span class='ocrx_word' id='word_1_52' title='bbox 720 693 943 746; x_wconf 83' lang='lat' dir='ltr'>Aeschylus,</span> <span class='ocrx_word' id='word_1_53' title='bbox 990 693 1024 733; x_wconf 91' lang='lat' dir='ltr'>si</span> <span class='ocrx_word' id='word_1_54' title='bbox 1062 698 1144 733; x_wconf 87' lang='lat' dir='ltr'>tres</span> <span class='ocrx_word' id='word_1_55' title='bbox 1189 695 1341 731; x_wconf 85' lang='lat' dir='ltr'>actores</span> <span class='ocrx_word' id='word_1_56' title='bbox 1386 703 1475 731; x_wconf 92' lang='lat' dir='ltr'>cum</span> <span class='ocrx_word' id='word_1_57' title='bbox 1520 696 1628 732; x_wconf 84' lang='lat' dir='ltr'>muta</span> 
     </span>
     <span class='ocr_line' id='line_1_8' title="bbox 114 759 1627 816; baseline -0.003 -13"><span class='ocrx_word' id='word_1_58' title='bbox 114 763 203 804; x_wconf 82' lang='lat' dir='ltr'>Bias</span> <span class='ocrx_word' id='word_1_59' title='bbox 239 775 405 816; x_wconf 88' lang='lat' dir='ltr'>persona</span> <span class='ocrx_word' id='word_1_60' title='bbox 446 764 670 804; x_wconf 84' lang='lat' dir='ltr'>incedentes</span> <span class='ocrx_word' id='word_1_61' title='bbox 709 762 750 803; x_wconf 92' lang='lat' dir='ltr'>in</span> <span class='ocrx_word' id='word_1_62' title='bbox 788 762 1060 815; x_wconf 80' lang='lat' dir='ltr'>proscaenium</span> <span class='ocrx_word' id='word_1_63' title='bbox 1091 761 1202 808; x_wconf 89' lang='lat' dir='ltr'>fecit,</span> <span class='ocrx_word' id='word_1_64' title='bbox 1242 759 1550 801; x_wconf 85' lang='lat' dir='ltr'>luculentissime</span> <span class='ocrx_word' id='word_1_65' title='bbox 1581 774 1627 800; x_wconf 90' lang='lat' dir='ltr'>eo</span> 
     </span>
     <span class='ocr_line' id='line_1_9' title="bbox 114 823 1628 885; baseline -0.003 -13"><span class='ocrx_word' id='word_1_66' title='bbox 114 823 400 884; x_wconf 64' lang='lat' dir='ltr'>mihi&#39;qujdem</span> <span class='ocrx_word' id='word_1_67' title='bbox 431 833 585 872; x_wconf 87' lang='lat' dir='ltr'>videtur</span> <span class='ocrx_word' id='word_1_68' title='bbox 606 832 864 885; x_wconf 86' lang='lat' dir='ltr'>comprobari,</span> <span class='ocrx_word' id='word_1_69' title='bbox 893 831 1119 872; x_wconf 86' lang='lat' dir='ltr'>Promethei</span> <span class='ocrx_word' id='word_1_70' title='bbox 1149 832 1254 870; x_wconf 88' lang='lat' dir='ltr'>hanc</span> <span class='ocrx_word' id='word_1_71' title='bbox 1282 829 1450 869; x_wconf 81' lang='lat' dir='ltr'>fabulam</span> <span class='ocrx_word' id='word_1_72' title='bbox 1481 843 1526 869; x_wconf 87' lang='lat' dir='ltr'>eo</span> <span class='ocrx_word' id='word_1_73' title='bbox 1559 830 1628 869; x_wconf 90' lang='lat' dir='ltr'>de-</span> 
     </span>
     <span class='ocr_line' id='line_1_10' title="bbox 115 899 1627 954; baseline -0.003 -12"><span class='ocrx_word' id='word_1_74' title='bbox 115 913 224 942; x_wconf 91' lang='lat' dir='ltr'>mum</span> <span class='ocrx_word' id='word_1_75' title='bbox 244 906 436 954; x_wconf 87' lang='lat' dir='ltr'>tempore,</span> <span class='ocrx_word' id='word_1_76' title='bbox 467 914 545 954; x_wconf 92' lang='lat' dir='ltr'>quo</span> <span class='ocrx_word' id='word_1_77' title='bbox 576 901 652 942; x_wconf 91' lang='lat' dir='ltr'>iam</span> <span class='ocrx_word' id='word_1_78' title='bbox 683 901 788 941; x_wconf 90' lang='lat' dir='ltr'>terni</span> <span class='ocrx_word' id='word_1_79' title='bbox 817 901 900 952; x_wconf 86' lang='lat' dir='ltr'>lege</span> <span class='ocrx_word' id='word_1_80' title='bbox 930 900 1099 941; x_wconf 91' lang='lat' dir='ltr'>instituti</span> <span class='ocrx_word' id='word_1_81' title='bbox 1130 906 1264 941; x_wconf 86' lang='lat' dir='ltr'>essent</span> <span class='ocrx_word' id='word_1_82' title='bbox 1293 904 1457 948; x_wconf 87' lang='lat' dir='ltr'>actores,</span> <span class='ocrx_word' id='word_1_83' title='bbox 1486 899 1525 938; x_wconf 90' lang='lat' dir='ltr'>id</span> <span class='ocrx_word' id='word_1_84' title='bbox 1557 903 1627 947; x_wconf 89' lang='lat' dir='ltr'>est,</span> 
     </span>
     <span class='ocr_line' id='line_1_11' title="bbox 114 968 803 1011; baseline 0 -1"><span class='ocrx_word' id='word_1_85' title='bbox 114 982 195 1011; x_wconf 90' lang='lat' dir='ltr'>non</span> <span class='ocrx_word' id='word_1_86' title='bbox 225 976 316 1011; x_wconf 85' lang='lat' dir='ltr'>ante</span> <span class='ocrx_word' id='word_1_87' title='bbox 346 970 402 1010; x_wconf 86' lang='lat'>01.</span> <span class='ocrx_word' id='word_1_88' title='bbox 435 968 488 1009; x_wconf 89' lang='lat'>78</span> <span class='ocrx_word' id='word_1_89' title='bbox 521 984 605 1010; x_wconf 87' lang='lat' dir='ltr'>esse</span> <span class='ocrx_word' id='word_1_90' title='bbox 636 971 803 1010; x_wconf 88' lang='lat' dir='ltr'>doctam.</span> 
     </span>
    </p>

    <p class='ocr_par' dir='ltr' id='par_1_3' title="bbox 226 1037 1626 1152">
     <span class='ocr_line' id='line_1_12' title="bbox 226 1037 1478 1092; baseline -0.002 -13"><span class='ocrx_word' id='word_1_91' title='bbox 226 1039 271 1079; x_wconf 92' lang='grc'>111</span> <span class='ocrx_word' id='word_1_92' title='bbox 302 1039 632 1092; x_wconf 86' lang='lat' dir='ltr'>Supplicihus</span> <span class='ocrx_word' id='word_1_93' title='bbox 662 1039 758 1079; x_wconf 87' lang='lat' dir='ltr'>haec</span> <span class='ocrx_word' id='word_1_94' title='bbox 787 1044 846 1079; x_wconf 91' lang='lat' dir='ltr'>est</span> <span class='ocrx_word' id='word_1_95' title='bbox 875 1038 1113 1080; x_wconf 86' lang='lat' dir='ltr'>histrionum</span> <span class='ocrx_word' id='word_1_96' title='bbox 1145 1037 1331 1091; x_wconf 87' lang='lat' dir='ltr'>chorique</span> <span class='ocrx_word' id='word_1_97' title='bbox 1361 1037 1478 1077; x_wconf 86' lang='lat' dir='ltr'>ratio:</span> 
     </span>
     <span class='ocr_line' id='line_1_13' title="bbox 1271 1121 1626 1152; baseline -0.003 0"><span class='ocrx_word' id='word_1_98' title='bbox 1271 1121 1431 1152; x_wconf 82' lang='lat' dir='ltr'>Actorum</span> <span class='ocrx_word' id='word_1_99' title='bbox 1459 1127 1626 1151; x_wconf 88' lang='lat' dir='ltr'>numerus.</span> 
     </span>
    </p>

    <p class='ocr_par' dir='ltr' id='par_1_4' title="bbox 273 1177 1465 1218">
     <span class='ocr_line' id='line_1_14' title="bbox 273 1177 1465 1218; baseline -0.002 0"><span class='ocrx_word' id='word_1_100' title='bbox 273 1178 300 1218; x_wconf 88' lang='grc' dir='ltr'>Ι.</span> <span class='ocrx_word' id='word_1_101' title='bbox 398 1177 549 1218; x_wconf 86' lang='lat' dir='ltr'>Chorus</span> <span class='ocrx_word' id='word_1_102' title='bbox 581 1183 619 1218; x_wconf 87' lang='lat' dir='ltr'>et</span> <span class='ocrx_word' id='word_1_103' title='bbox 647 1177 804 1218; x_wconf 85' lang='lat' dir='ltr'>Danaus</span> <span class='ocrx_word' id='word_1_104' title='bbox 834 1191 870 1218; x_wconf 89' lang='lat' dir='ltr'>v.</span> <span class='ocrx_word' id='word_1_105' title='bbox 905 1177 1069 1218; x_wconf 86' lang='lat'>1—230</span> <span class='ocrx_word' id='word_1_106' title='bbox 1146 1208 1155 1217; x_wconf 94' lang='lat'><strong><em>.</em></strong></span> <span class='ocrx_word' id='word_1_107' title='bbox 1215 1207 1224 1217; x_wconf 91' lang='lat'><strong>.</strong></span> <span class='ocrx_word' id='word_1_108' title='bbox 1289 1208 1297 1218; x_wconf 90' lang='lat'><strong>.</strong></span> <span class='ocrx_word' id='word_1_109' title='bbox 1356 1207 1366 1217; x_wconf 91' lang='lat'><strong>.</strong></span> <span class='ocrx_word' id='word_1_110' title='bbox 1428 1178 1465 1216; x_wconf 86' lang='lat'>1.</span> 
     </span>
    </p>

    <p class='ocr_par' dir='ltr' id='par_1_5' title="bbox 273 1246 1465 1295">
     <span class='ocr_line' id='line_1_15' title="bbox 273 1246 1465 1295; baseline 0.001 -10"><span class='ocrx_word' id='word_1_111' title='bbox 273 1246 321 1285; x_wconf 89' lang='lat' dir='ltr'>ll.</span> <span class='ocrx_word' id='word_1_112' title='bbox 399 1247 493 1294; x_wconf 88' lang='lat' dir='ltr'>Rex,</span> <span class='ocrx_word' id='word_1_113' title='bbox 523 1246 690 1295; x_wconf 90' lang='lat' dir='ltr'>Danaus,</span> <span class='ocrx_word' id='word_1_114' title='bbox 722 1246 872 1287; x_wconf 90' lang='lat' dir='ltr'>Chorus</span> <span class='ocrx_word' id='word_1_115' title='bbox 903 1261 938 1287; x_wconf 92' lang='lat' dir='ltr'>v.</span> <span class='ocrx_word' id='word_1_116' title='bbox 970 1246 1191 1287; x_wconf 81' lang='lat'>231—498</span> <span class='ocrx_word' id='word_1_117' title='bbox 1214 1277 1223 1286; x_wconf 93' lang='lat'><strong>.</strong></span> <span class='ocrx_word' id='word_1_118' title='bbox 1286 1277 1296 1287; x_wconf 90' lang='lat'><strong>.</strong></span> <span class='ocrx_word' id='word_1_119' title='bbox 1358 1276 1367 1286; x_wconf 92' lang='lat'><strong>.</strong></span> <span class='ocrx_word' id='word_1_120' title='bbox 1427 1247 1465 1286; x_wconf 86' lang='lat'>2.</span> 
     </span>
    </p>

    <p class='ocr_par' dir='ltr' id='par_1_6' title="bbox 405 1315 1065 1369">
     <span class='ocr_line' id='line_1_16' title="bbox 405 1315 1065 1369; baseline 0.002 -14"><span class='ocrx_word' id='word_1_121' title='bbox 405 1315 578 1365; x_wconf 86' lang='lat' dir='ltr'>(Danaus</span> <span class='ocrx_word' id='word_1_122' title='bbox 609 1320 711 1355; x_wconf 83' lang='lat' dir='ltr'>tacet</span> <span class='ocrx_word' id='word_1_123' title='bbox 739 1329 775 1356; x_wconf 90' lang='lat' dir='ltr'>v.</span> <span class='ocrx_word' id='word_1_124' title='bbox 807 1315 1065 1369; x_wconf 83' lang='lat'>321—498).</span> 
     </span>
    </p>
   </div>
   <div class='ocr_carea' id='block_1_3' title="bbox 265 1383 1468 1839">
    <p class='ocr_par' dir='ltr' id='par_1_7' title="bbox 265 1383 1468 1839">
     <span class='ocr_line' id='line_1_17' title="bbox 268 1383 1463 1425; baseline 0 -2"><span class='ocrx_word' id='word_1_125' title='bbox 268 1383 332 1423; x_wconf 86' lang='lat'>111.</span> <span class='ocrx_word' id='word_1_126' title='bbox 398 1384 479 1424; x_wconf 83' lang='lat' dir='ltr'>Rex</span> <span class='ocrx_word' id='word_1_127' title='bbox 509 1389 548 1424; x_wconf 91' lang='lat' dir='ltr'>et</span> <span class='ocrx_word' id='word_1_128' title='bbox 578 1384 728 1424; x_wconf 89' lang='lat' dir='ltr'>Chorus</span> <span class='ocrx_word' id='word_1_129' title='bbox 758 1397 793 1424; x_wconf 87' lang='lat' dir='ltr'>v.</span> <span class='ocrx_word' id='word_1_130' title='bbox 824 1383 1046 1425; x_wconf 83' lang='lat'>499—518</span> <span class='ocrx_word' id='word_1_131' title='bbox 1141 1414 1150 1423; x_wconf 91' lang='lat'>.</span> <span class='ocrx_word' id='word_1_132' title='bbox 1212 1414 1221 1423; x_wconf 91' lang='lat'><strong>.</strong></span> <span class='ocrx_word' id='word_1_133' title='bbox 1284 1415 1292 1423; x_wconf 93' lang='lat'><strong><em>.</em></strong></span> <span class='ocrx_word' id='word_1_134' title='bbox 1354 1414 1363 1422; x_wconf 92' lang='lat'>.</span> <span class='ocrx_word' id='word_1_135' title='bbox 1427 1385 1463 1423; x_wconf 89' lang='lat'>1.</span> 
     </span>
     <span class='ocr_line' id='line_1_18' title="bbox 270 1451 1461 1494; baseline 0 -3"><span class='ocrx_word' id='word_1_136' title='bbox 270 1451 332 1491; x_wconf 91' lang='lat' dir='ltr'>IV.</span> <span class='ocrx_word' id='word_1_137' title='bbox 399 1452 548 1492; x_wconf 92' lang='lat' dir='ltr'>Chorus</span> <span class='ocrx_word' id='word_1_138' title='bbox 578 1453 683 1492; x_wconf 92' lang='lat' dir='ltr'>solus</span> <span class='ocrx_word' id='word_1_139' title='bbox 715 1465 749 1492; x_wconf 87' lang='lat' dir='ltr'>v.</span> <span class='ocrx_word' id='word_1_140' title='bbox 781 1452 1005 1494; x_wconf 66' lang='lat'>519—594</span> <span class='ocrx_word' id='word_1_141' title='bbox 1067 1483 1363 1493; x_wconf 91' lang='grc'><strong>.....</strong></span> <span class='ocrx_word' id='word_1_142' title='bbox 1422 1454 1461 1491; x_wconf 89' lang='grc' dir='ltr'>Ο.</span> 
     </span>
     <span class='ocr_line' id='line_1_19' title="bbox 272 1520 1462 1562; baseline 0 -2"><span class='ocrx_word' id='word_1_143' title='bbox 272 1520 314 1560; x_wconf 92' lang='lat' dir='ltr'>V.</span> <span class='ocrx_word' id='word_1_144' title='bbox 397 1520 552 1561; x_wconf 87' lang='lat' dir='ltr'>Danaus</span> <span class='ocrx_word' id='word_1_145' title='bbox 584 1526 623 1561; x_wconf 86' lang='lat' dir='ltr'>et</span> <span class='ocrx_word' id='word_1_146' title='bbox 653 1521 803 1561; x_wconf 89' lang='lat' dir='ltr'>Chorus</span> <span class='ocrx_word' id='word_1_147' title='bbox 833 1534 867 1561; x_wconf 89' lang='lat' dir='ltr'>v.</span> <span class='ocrx_word' id='word_1_148' title='bbox 900 1522 1123 1562; x_wconf 85' lang='lat'>595—756</span> <span class='ocrx_word' id='word_1_149' title='bbox 1211 1552 1220 1561; x_wconf 92' lang='lat'>.</span> <span class='ocrx_word' id='word_1_150' title='bbox 1283 1552 1291 1560; x_wconf 90' lang='lat'><strong>.</strong></span> <span class='ocrx_word' id='word_1_151' title='bbox 1353 1551 1362 1560; x_wconf 93' lang='lat'><em>.</em></span> <span class='ocrx_word' id='word_1_152' title='bbox 1427 1522 1462 1560; x_wconf 91' lang='lat'>1.</span> 
     </span>
     <span class='ocr_line' id='line_1_20' title="bbox 270 1589 1461 1631; baseline -0.001 -2"><span class='ocrx_word' id='word_1_153' title='bbox 270 1589 329 1630; x_wconf 77' lang='lat' dir='ltr'>vl.</span> <span class='ocrx_word' id='word_1_154' title='bbox 398 1590 548 1631; x_wconf 90' lang='lat' dir='ltr'>Chorus</span> <span class='ocrx_word' id='word_1_155' title='bbox 577 1590 682 1631; x_wconf 91' lang='lat' dir='ltr'>solus</span> <span class='ocrx_word' id='word_1_156' title='bbox 711 1604 745 1631; x_wconf 88' lang='lat' dir='ltr'>v.</span> <span class='ocrx_word' id='word_1_157' title='bbox 779 1590 1001 1631; x_wconf 85' lang='lat'>757—815</span> <span class='ocrx_word' id='word_1_158' title='bbox 1076 1619 1363 1630; x_wconf 91' lang='grc'><strong>.....</strong></span> <span class='ocrx_word' id='word_1_159' title='bbox 1423 1590 1461 1628; x_wconf 89' lang='grc'><strong>0.</strong></span> 
     </span>
     <span class='ocr_line' id='line_1_21' title="bbox 269 1658 1468 1700; baseline -0.003 -1"><span class='ocrx_word' id='word_1_160' title='bbox 269 1658 347 1699; x_wconf 89' lang='lat' dir='ltr'>VII.</span> <span class='ocrx_word' id='word_1_161' title='bbox 396 1658 541 1699; x_wconf 87' lang='lat' dir='ltr'>Praeco</span> <span class='ocrx_word' id='word_1_162' title='bbox 573 1666 611 1699; x_wconf 89' lang='lat' dir='ltr'>et</span> <span class='ocrx_word' id='word_1_163' title='bbox 641 1659 791 1700; x_wconf 91' lang='lat' dir='ltr'>Chorus</span> <span class='ocrx_word' id='word_1_164' title='bbox 822 1673 857 1699; x_wconf 80' lang='lat' dir='ltr'>v,</span> <span class='ocrx_word' id='word_1_165' title='bbox 891 1658 1112 1700; x_wconf 83' lang='lat'>816—888</span> <span class='ocrx_word' id='word_1_166' title='bbox 1145 1689 1155 1698; x_wconf 89' lang='lat'>.</span> <span class='ocrx_word' id='word_1_167' title='bbox 1217 1690 1225 1699; x_wconf 93' lang='lat'><strong>.</strong></span> <span class='ocrx_word' id='word_1_168' title='bbox 1291 1689 1298 1697; x_wconf 93' lang='lat'>.</span> <span class='ocrx_word' id='word_1_169' title='bbox 1363 1688 1371 1696; x_wconf 91' lang='lat'>.</span> <span class='ocrx_word' id='word_1_170' title='bbox 1433 1659 1468 1697; x_wconf 84' lang='lat'>1.</span> 
     </span>
     <span class='ocr_line' id='line_1_22' title="bbox 268 1727 1461 1776; baseline 0 -9"><span class='ocrx_word' id='word_1_171' title='bbox 268 1727 364 1768; x_wconf 84' lang='lat' dir='ltr'>vm.</span> <span class='ocrx_word' id='word_1_172' title='bbox 395 1727 555 1776; x_wconf 85' lang='lat' dir='ltr'>Praeco,</span> <span class='ocrx_word' id='word_1_173' title='bbox 585 1741 665 1776; x_wconf 77' lang='lat' dir='ltr'>reX,</span> <span class='ocrx_word' id='word_1_174' title='bbox 698 1729 847 1769; x_wconf 90' lang='lat' dir='ltr'>Chorus</span> <span class='ocrx_word' id='word_1_175' title='bbox 878 1742 911 1768; x_wconf 91' lang='lat' dir='ltr'>v.</span> <span class='ocrx_word' id='word_1_176' title='bbox 943 1727 1162 1769; x_wconf 85' lang='lat'>889—931</span> <span class='ocrx_word' id='word_1_177' title='bbox 1212 1758 1221 1768; x_wconf 91' lang='lat'><strong>.</strong></span> <span class='ocrx_word' id='word_1_178' title='bbox 1281 1759 1290 1768; x_wconf 91' lang='lat'><strong>.</strong></span> <span class='ocrx_word' id='word_1_179' title='bbox 1350 1759 1359 1767; x_wconf 89' lang='lat'>.</span> <span class='ocrx_word' id='word_1_180' title='bbox 1422 1727 1461 1767; x_wconf 86' lang='lat'>2.</span> 
     </span>
     <span class='ocr_line' id='line_1_23' title="bbox 265 1796 1462 1839; baseline 0.001 -2"><span class='ocrx_word' id='word_1_181' title='bbox 265 1796 330 1837; x_wconf 85' lang='lat' dir='ltr'>IX.</span> <span class='ocrx_word' id='word_1_182' title='bbox 393 1797 474 1838; x_wconf 86' lang='lat' dir='ltr'>Rex</span> <span class='ocrx_word' id='word_1_183' title='bbox 505 1803 544 1838; x_wconf 87' lang='lat' dir='ltr'>et</span> <span class='ocrx_word' id='word_1_184' title='bbox 573 1798 723 1839; x_wconf 86' lang='lat' dir='ltr'>Chorus</span> <span class='ocrx_word' id='word_1_185' title='bbox 753 1812 787 1838; x_wconf 92' lang='lat' dir='ltr'>v.</span> <span class='ocrx_word' id='word_1_186' title='bbox 819 1797 1042 1839; x_wconf 84' lang='lat'>932—952</span> <span class='ocrx_word' id='word_1_187' title='bbox 1075 1828 1364 1838; x_wconf 90' lang='grc'><strong>.....</strong></span> <span class='ocrx_word' id='word_1_188' title='bbox 1426 1800 1462 1838; x_wconf 88' lang='grc'>1.</span> 
     </span>
    </p>
   </div>
   <div class='ocr_carea' id='block_1_4' title="bbox 104 1865 1622 2613">
    <p class='ocr_par' dir='ltr' id='par_1_8' title="bbox 272 1865 1460 1907">
     <span class='ocr_line' id='line_1_24' title="bbox 272 1865 1460 1907; baseline 0.001 -2"><span class='ocrx_word' id='word_1_189' title='bbox 272 1865 317 1905; x_wconf 90' lang='grc' dir='ltr'>Χ.</span> <span class='ocrx_word' id='word_1_190' title='bbox 397 1866 546 1907; x_wconf 89' lang='lat' dir='ltr'>Chorus</span> <span class='ocrx_word' id='word_1_191' title='bbox 577 1868 684 1907; x_wconf 90' lang='lat' dir='ltr'>solus</span> <span class='ocrx_word' id='word_1_192' title='bbox 714 1880 750 1907; x_wconf 87' lang='lat' dir='ltr'>v.</span> <span class='ocrx_word' id='word_1_193' title='bbox 782 1867 1005 1907; x_wconf 83' lang='lat'>953-957</span> <span class='ocrx_word' id='word_1_194' title='bbox 1066 1897 1074 1906; x_wconf 92' lang='lat'><strong>.</strong></span> <span class='ocrx_word' id='word_1_195' title='bbox 1137 1898 1145 1906; x_wconf 94' lang='lat'>.</span> <span class='ocrx_word' id='word_1_196' title='bbox 1206 1897 1215 1907; x_wconf 89' lang='lat'><strong>.</strong></span> <span class='ocrx_word' id='word_1_197' title='bbox 1278 1899 1285 1906; x_wconf 92' lang='lat'>.</span> <span class='ocrx_word' id='word_1_198' title='bbox 1354 1898 1363 1907; x_wconf 91' lang='lat'><strong>.</strong></span> <span class='ocrx_word' id='word_1_199' title='bbox 1423 1868 1460 1907; x_wconf 88' lang='lat'>0.</span> 
     </span>
    </p>

    <p class='ocr_par' dir='ltr' id='par_1_9' title="bbox 104 1933 1622 2613">
     <span class='ocr_line' id='line_1_25' title="bbox 267 1933 1459 1990; baseline 0.003 -16"><span class='ocrx_word' id='word_1_200' title='bbox 267 1933 333 1974; x_wconf 90' lang='lat' dir='ltr'>XI.</span> <span class='ocrx_word' id='word_1_201' title='bbox 394 1935 551 1976; x_wconf 89' lang='lat' dir='ltr'>Danaus</span> <span class='ocrx_word' id='word_1_202' title='bbox 582 1942 622 1977; x_wconf 89' lang='lat' dir='ltr'>et</span> <span class='ocrx_word' id='word_1_203' title='bbox 651 1937 802 1977; x_wconf 89' lang='lat' dir='ltr'>Chorus</span> <span class='ocrx_word' id='word_1_204' title='bbox 831 1949 866 1976; x_wconf 92' lang='lat' dir='ltr'>v.</span> <span class='ocrx_word' id='word_1_205' title='bbox 898 1935 979 1976; x_wconf 82' lang='lat'>958</span> <span class='ocrx_word' id='word_1_206' title='bbox 1010 1942 1133 1990; x_wconf 82' lang='lat' dir='ltr'>usqu&#39;e</span> <span class='ocrx_word' id='word_1_207' title='bbox 1164 1936 1207 1976; x_wconf 92' lang='lat' dir='ltr'>ad</span> <span class='ocrx_word' id='word_1_208' title='bbox 1239 1938 1358 1977; x_wconf 90' lang='lat' dir='ltr'>finem</span> <span class='ocrx_word' id='word_1_209' title='bbox 1425 1939 1459 1977; x_wconf 90' lang='lat'>1.</span> 
     </span>
     <span class='ocr_line' id='line_1_26' title="bbox 224 2002 1622 2059; baseline 0.001 -15"><span class='ocrx_word' id='word_1_210' title='bbox 224 2002 425 2058; x_wconf 90' lang='lat' dir='ltr'>Nusquam</span> <span class='ocrx_word' id='word_1_211' title='bbox 456 2005 574 2057; x_wconf 88' lang='lat' dir='ltr'>igitur</span> <span class='ocrx_word' id='word_1_212' title='bbox 609 2005 651 2045; x_wconf 93' lang='lat' dir='ltr'>in</span> <span class='ocrx_word' id='word_1_213' title='bbox 680 2006 752 2046; x_wconf 88' lang='lat' dir='ltr'>hac</span> <span class='ocrx_word' id='word_1_214' title='bbox 781 2005 975 2057; x_wconf 86' lang='lat' dir='ltr'>tragoedia</span> <span class='ocrx_word' id='word_1_215' title='bbox 1006 2006 1094 2059; x_wconf 90' lang='lat' dir='ltr'>plus</span> <span class='ocrx_word' id='word_1_216' title='bbox 1125 2007 1223 2047; x_wconf 91' lang='lat' dir='ltr'>duos</span> <span class='ocrx_word' id='word_1_217' title='bbox 1253 2006 1431 2047; x_wconf 88' lang='lat' dir='ltr'>videmus</span> <span class='ocrx_word' id='word_1_218' title='bbox 1461 2011 1622 2047; x_wconf 89' lang='lat' dir='ltr'>actores.</span> 
     </span>
     <span class='ocr_line' id='line_1_27' title="bbox 112 2071 1622 2128; baseline 0.002 -16"><span class='ocrx_word' id='word_1_219' title='bbox 112 2071 397 2121; x_wconf 84' lang='lat' dir='ltr'>Quamobrem,</span> <span class='ocrx_word' id='word_1_220' title='bbox 428 2087 518 2114; x_wconf 89' lang='lat' dir='ltr'>cum</span> <span class='ocrx_word' id='word_1_221' title='bbox 548 2080 752 2128; x_wconf 87' lang='lat' dir='ltr'>praeterea</span> <span class='ocrx_word' id='word_1_222' title='bbox 782 2075 1154 2128; x_wconf 82' lang='lat' dir='ltr'>totiustragoediae</span> <span class='ocrx_word' id='word_1_223' title='bbox 1185 2075 1418 2128; x_wconf 86' lang='lat' dir='ltr'>compositio</span> <span class='ocrx_word' id='word_1_224' title='bbox 1449 2075 1498 2116; x_wconf 92' lang='lat' dir='ltr'>sit</span> <span class='ocrx_word' id='word_1_225' title='bbox 1527 2075 1622 2115; x_wconf 92' lang='lat' dir='ltr'>sim-</span> 
     </span>
     <span class='ocr_line' id='line_1_28' title="bbox 105 2139 1621 2197; baseline 0.003 -17"><span class='ocrx_word' id='word_1_226' title='bbox 105 2139 317 2192; x_wconf 87' lang='lat' dir='ltr'>plicissima</span> <span class='ocrx_word' id='word_1_227' title='bbox 348 2148 386 2183; x_wconf 90' lang='lat' dir='ltr'>et</span> <span class='ocrx_word' id='word_1_228' title='bbox 415 2143 532 2196; x_wconf 85' lang='lat' dir='ltr'>lyrica</span> <span class='ocrx_word' id='word_1_229' title='bbox 562 2144 684 2197; x_wconf 86' lang='lat' dir='ltr'>magis</span> <span class='ocrx_word' id='word_1_230' title='bbox 715 2157 832 2197; x_wconf 89' lang='lat' dir='ltr'>quam</span> <span class='ocrx_word' id='word_1_231' title='bbox 865 2144 1097 2192; x_wconf 85' lang='lat' dir='ltr'>dramatica,</span> <span class='ocrx_word' id='word_1_232' title='bbox 1128 2157 1297 2197; x_wconf 89' lang='lat' dir='ltr'>cumque</span> <span class='ocrx_word' id='word_1_233' title='bbox 1326 2145 1447 2194; x_wconf 90' lang='lat' dir='ltr'>chori,</span> <span class='ocrx_word' id='word_1_234' title='bbox 1478 2150 1521 2186; x_wconf 93' lang='lat' dir='ltr'>ut</span> <span class='ocrx_word' id='word_1_235' title='bbox 1551 2158 1621 2185; x_wconf 90' lang='lat' dir='ltr'>an-</span> 
     </span>
     <span class='ocr_line' id='line_1_29' title="bbox 106 2209 1620 2267; baseline 0.003 -18"><span class='ocrx_word' id='word_1_236' title='bbox 106 2209 339 2261; x_wconf 87' lang='lat' dir='ltr'>tiquissimis</span> <span class='ocrx_word' id='word_1_237' title='bbox 367 2212 626 2265; x_wconf 84' lang='lat' dir='ltr'>temporibus,</span> <span class='ocrx_word' id='word_1_238' title='bbox 656 2213 865 2266; x_wconf 85' lang='lat' dir='ltr'>primariae</span> <span class='ocrx_word' id='word_1_239' title='bbox 895 2213 974 2254; x_wconf 90' lang='lat' dir='ltr'>sint</span> <span class='ocrx_word' id='word_1_240' title='bbox 1002 2219 1146 2267; x_wconf 88' lang='lat' dir='ltr'>partes,</span> <span class='ocrx_word' id='word_1_241' title='bbox 1179 2214 1347 2267; x_wconf 89' lang='lat' dir='ltr'>denique</span> <span class='ocrx_word' id='word_1_242' title='bbox 1377 2228 1466 2255; x_wconf 92' lang='lat' dir='ltr'>cum</span> <span class='ocrx_word' id='word_1_243' title='bbox 1497 2214 1620 2254; x_wconf 84' lang='lat' dir='ltr'>oratio</span> 
     </span>
     <span class='ocr_line' id='line_1_30' title="bbox 106 2277 1619 2337; baseline 0.004 -19"><span class='ocrx_word' id='word_1_244' title='bbox 106 2277 238 2319; x_wconf 90' lang='lat' dir='ltr'>minus</span> <span class='ocrx_word' id='word_1_245' title='bbox 267 2280 317 2320; x_wconf 91' lang='lat' dir='ltr'>sit</span> <span class='ocrx_word' id='word_1_246' title='bbox 348 2281 571 2334; x_wconf 87' lang='lat' dir='ltr'>magnifica,</span> <span class='ocrx_word' id='word_1_247' title='bbox 603 2283 839 2336; x_wconf 86' lang='lat' dir='ltr'>numerique</span> <span class='ocrx_word' id='word_1_248' title='bbox 877 2283 1008 2324; x_wconf 91' lang='lat' dir='ltr'>minus</span> <span class='ocrx_word' id='word_1_249' title='bbox 1039 2283 1258 2332; x_wconf 86' lang='lat' dir='ltr'>artificiosi,</span> <span class='ocrx_word' id='word_1_250' title='bbox 1299 2297 1415 2337; x_wconf 86' lang='lat' dir='ltr'>quam</span> <span class='ocrx_word' id='word_1_251' title='bbox 1450 2284 1493 2324; x_wconf 93' lang='lat' dir='ltr'>in</span> <span class='ocrx_word' id='word_1_252' title='bbox 1527 2283 1619 2324; x_wconf 89' lang='lat' dir='ltr'>reli-</span> 
     </span>
     <span class='ocr_line' id='line_1_31' title="bbox 106 2347 1622 2406; baseline 0.003 -19"><span class='ocrx_word' id='word_1_253' title='bbox 106 2347 193 2399; x_wconf 87' lang='lat' dir='ltr'>quis</span> <span class='ocrx_word' id='word_1_254' title='bbox 238 2348 319 2389; x_wconf 86' lang='lat' dir='ltr'>fere</span> <span class='ocrx_word' id='word_1_255' title='bbox 365 2350 548 2391; x_wconf 90' lang='lat' dir='ltr'>omnibus</span> <span class='ocrx_word' id='word_1_256' title='bbox 592 2351 769 2404; x_wconf 84' lang='lat' dir='ltr'>Aeschyli</span> <span class='ocrx_word' id='word_1_257' title='bbox 812 2352 972 2401; x_wconf 87' lang='lat' dir='ltr'>fabulis,</span> <span class='ocrx_word' id='word_1_258' title='bbox 1024 2353 1164 2393; x_wconf 87' lang='lat' dir='ltr'>adduci</span> <span class='ocrx_word' id='word_1_259' title='bbox 1213 2365 1292 2393; x_wconf 88' lang='lat' dir='ltr'>non</span> <span class='ocrx_word' id='word_1_260' title='bbox 1341 2366 1526 2406; x_wconf 88' lang='lat' dir='ltr'>possum,</span> <span class='ocrx_word' id='word_1_261' title='bbox 1578 2358 1622 2392; x_wconf 87' lang='lat' dir='ltr'>ut</span> 
     </span>
     <span class='ocr_line' id='line_1_32' title="bbox 104 2415 1621 2473; baseline 0.005 -17"><span class='ocrx_word' id='word_1_262' title='bbox 104 2415 298 2458; x_wconf 88' lang='lat' dir='ltr'>Boeckhio</span> <span class='ocrx_word' id='word_1_263' title='bbox 328 2417 525 2470; x_wconf 71' lang='lat' dir='ltr'>auctorel)</span> <span class='ocrx_word' id='word_1_264' title='bbox 557 2419 766 2462; x_wconf 85' lang='lat' dir='ltr'>Muellerus</span> <span class='ocrx_word' id='word_1_265' title='bbox 778 2421 822 2471; x_wconf 81' lang='lat'>²),</span> <span class='ocrx_word' id='word_1_266' title='bbox 855 2422 1060 2462; x_wconf 88' lang='lat' dir='ltr'>Passovius</span> <span class='ocrx_word' id='word_1_267' title='bbox 1076 2421 1106 2472; x_wconf 84' lang='lat'>³)</span> <span class='ocrx_word' id='word_1_268' title='bbox 1138 2422 1477 2473; x_wconf 73' lang='lat' dir='ltr'>Schoemannus4)</span> <span class='ocrx_word' id='word_1_269' title='bbox 1509 2422 1621 2463; x_wconf 88' lang='lat' dir='ltr'>volu—</span> 
     </span>
     <span class='ocr_line' id='line_1_33' title="bbox 109 2488 1619 2542; baseline 0.005 -18"><span class='ocrx_word' id='word_1_270' title='bbox 109 2490 224 2525; x_wconf 88' lang='lat' dir='ltr'>erunt</span> <span class='ocrx_word' id='word_1_271' title='bbox 252 2493 415 2539; x_wconf 86' lang='lat' dir='ltr'>propter</span> <span class='ocrx_word' id='word_1_272' title='bbox 444 2488 628 2530; x_wconf 86' lang='lat' dir='ltr'>historiae</span> <span class='ocrx_word' id='word_1_273' title='bbox 659 2491 850 2542; x_wconf 86' lang='lat' dir='ltr'>quaedam</span> <span class='ocrx_word' id='word_1_274' title='bbox 881 2492 1035 2540; x_wconf 90' lang='lat' dir='ltr'>indicia,</span> <span class='ocrx_word' id='word_1_275' title='bbox 1077 2498 1243 2532; x_wconf 84' lang='lat' dir='ltr'>exeunte</span> <span class='ocrx_word' id='word_1_276' title='bbox 1275 2491 1434 2531; x_wconf 91' lang='lat' dir='ltr'>demum</span> <span class='ocrx_word' id='word_1_277' title='bbox 1475 2491 1533 2531; x_wconf 90' lang='lat' dir='ltr'>Ol.</span> <span class='ocrx_word' id='word_1_278' title='bbox 1566 2491 1619 2531; x_wconf 88' lang='grc'>79</span> 
     </span>
     <span class='ocr_line' id='line_1_34' title="bbox 110 2554 1620 2613; baseline 0.005 -20"><span class='ocrx_word' id='word_1_279' title='bbox 110 2565 194 2594; x_wconf 84' lang='lat' dir='ltr'>eam</span> <span class='ocrx_word' id='word_1_280' title='bbox 225 2554 379 2598; x_wconf 85' lang='lat' dir='ltr'>doctam</span> <span class='ocrx_word' id='word_1_281' title='bbox 410 2571 509 2605; x_wconf 88' lang='lat' dir='ltr'>esse,</span> <span class='ocrx_word' id='word_1_282' title='bbox 541 2558 662 2599; x_wconf 87' lang='lat' dir='ltr'>immo</span> <span class='ocrx_word' id='word_1_283' title='bbox 697 2559 880 2600; x_wconf 89' lang='lat' dir='ltr'>omnibus</span> <span class='ocrx_word' id='word_1_284' title='bbox 911 2559 971 2600; x_wconf 90' lang='lat' dir='ltr'>his</span> <span class='ocrx_word' id='word_1_285' title='bbox 1004 2560 1129 2601; x_wconf 91' lang='lat' dir='ltr'>causis</span> <span class='ocrx_word' id='word_1_286' title='bbox 1161 2565 1382 2601; x_wconf 90' lang='lat' dir='ltr'>commotus</span> <span class='ocrx_word' id='word_1_287' title='bbox 1412 2560 1453 2600; x_wconf 91' lang='lat' dir='ltr'>in</span> <span class='ocrx_word' id='word_1_288' title='bbox 1482 2560 1620 2613; x_wconf 88' lang='lat' dir='ltr'>primis</span> 
     </span>
    </p>
   </div>
   <div class='ocr_carea' id='block_1_5' title="bbox 106 2664 380 2676">
    <p class='ocr_par' dir='ltr' id='par_1_10' title="bbox 106 2664 380 2676">
     <span class='ocr_line' id='line_1_35' title="bbox 106 2664 380 2676; baseline 0 528"><span class='ocrx_word' id='word_1_289' title='bbox 106 2664 380 2676; x_wconf 95' lang='lat' dir='ltr'> </span> 
     </span>
    </p>
   </div>
   <div class='ocr_carea' id='block_1_6' title="bbox 191 2730 1408 2954">
    <p class='ocr_par' dir='ltr' id='par_1_11' title="bbox 195 2730 1028 2779">
     <span class='ocr_line' id='line_1_36' title="bbox 195 2730 1028 2779; baseline 0.005 -14"><span class='ocrx_word' id='word_1_290' title='bbox 195 2730 220 2773; x_wconf 88' lang='lat'>¹)</span> <span class='ocrx_word' id='word_1_291' title='bbox 245 2732 425 2775; x_wconf 79' lang='lat' dir='ltr'>Boeokh,</span> <span class='ocrx_word' id='word_1_292' title='bbox 450 2744 559 2776; x_wconf 84' lang='lat' dir='ltr'>graec.</span> <span class='ocrx_word' id='word_1_293' title='bbox 587 2735 737 2776; x_wconf 82' lang='lat' dir='ltr'>tragoed.</span> <span class='ocrx_word' id='word_1_294' title='bbox 763 2735 904 2779; x_wconf 88' lang='lat' dir='ltr'>princip.</span> <span class='ocrx_word' id='word_1_295' title='bbox 929 2747 948 2779; x_wconf 86' lang='lat' dir='ltr'>p</span> <span class='ocrx_word' id='word_1_296' title='bbox 974 2736 1028 2770; x_wconf 86' lang='lat'>54.</span> 
     </span>
    </p>

    <p class='ocr_par' dir='ltr' id='par_1_12' title="bbox 194 2787 1172 2837">
     <span class='ocr_line' id='line_1_37' title="bbox 194 2787 1172 2837; baseline 0.006 -16"><span class='ocrx_word' id='word_1_297' title='bbox 194 2787 219 2829; x_wconf 77' lang='grc'>2)</span> <span class='ocrx_word' id='word_1_298' title='bbox 246 2788 284 2821; x_wconf 91' lang='lat'>0.</span> <span class='ocrx_word' id='word_1_299' title='bbox 310 2788 487 2832; x_wconf 83' lang='lat' dir='ltr'>Miiller,</span> <span class='ocrx_word' id='word_1_300' title='bbox 514 2792 572 2824; x_wconf 88' lang='lat' dir='ltr'>des</span> <span class='ocrx_word' id='word_1_301' title='bbox 595 2792 786 2836; x_wconf 83' lang='lat' dir='ltr'>Aeschylos</span> <span class='ocrx_word' id='word_1_302' title='bbox 810 2792 1017 2827; x_wconf 85' lang='lat' dir='ltr'>Eumeniden</span> <span class='ocrx_word' id='word_1_303' title='bbox 1040 2805 1070 2837; x_wconf 87' lang='lat' dir='ltr'>p.</span> <span class='ocrx_word' id='word_1_304' title='bbox 1100 2792 1172 2827; x_wconf 81' lang='lat'>122.</span> 
     </span>
    </p>

    <p class='ocr_par' dir='ltr' id='par_1_13' title="bbox 192 2843 678 2893">
     <span class='ocr_line' id='line_1_38' title="bbox 192 2843 678 2893; baseline 0.01 -16"><span class='ocrx_word' id='word_1_305' title='bbox 192 2843 217 2885; x_wconf 81' lang='lat'>³)</span> <span class='ocrx_word' id='word_1_306' title='bbox 242 2844 430 2890; x_wconf 65' lang='lat' dir='ltr'>Passw,</span> <span class='ocrx_word' id='word_1_307' title='bbox 455 2859 567 2891; x_wconf 84' lang='lat' dir='ltr'>opusc.</span> <span class='ocrx_word' id='word_1_308' title='bbox 592 2860 622 2893; x_wconf 87' lang='lat' dir='ltr'>p.</span> <span class='ocrx_word' id='word_1_309' title='bbox 647 2850 678 2882; x_wconf 88' lang='lat'>4.</span> 
     </span>
    </p>

    <p class='ocr_par' dir='ltr' id='par_1_14' title="bbox 191 2901 1408 2954">
     <span class='ocr_line' id='line_1_39' title="bbox 191 2901 1408 2954; baseline 0.007 -19"><span class='ocrx_word' id='word_1_310' title='bbox 191 2901 217 2944; x_wconf 87' lang='lat'>⁴)</span> <span class='ocrx_word' id='word_1_311' title='bbox 243 2903 511 2947; x_wconf 77' lang='lat' dir='ltr'>Schoemann,</span> <span class='ocrx_word' id='word_1_312' title='bbox 537 2906 595 2940; x_wconf 87' lang='lat' dir='ltr'>des</span> <span class='ocrx_word' id='word_1_313' title='bbox 621 2907 807 2950; x_wconf 81' lang='lat' dir='ltr'>Aeschylos</span> <span class='ocrx_word' id='word_1_314' title='bbox 830 2906 1031 2948; x_wconf 81' lang='lat' dir='ltr'>gefesselter</span> <span class='ocrx_word' id='word_1_315' title='bbox 1055 2908 1275 2942; x_wconf 83' lang='lat' dir='ltr'>Prometheus</span> <span class='ocrx_word' id='word_1_316' title='bbox 1300 2921 1329 2954; x_wconf 87' lang='lat' dir='ltr'>p.</span> <span class='ocrx_word' id='word_1_317' title='bbox 1356 2911 1408 2943; x_wconf 77' lang='lat'>85.</span> 
     </span>
    </p>
   </div>
  </div>
 </body>
</html>
