2014 3204
806 222 857 228 --
919 199 992 240 231
1059 223 1114 228 ——

151 368 154 372 r
196 303 558 372 Ἰδῆξις-(σχῆμα),
588 322 774 363 status,
819 315 1038 363 incessu,
1084 315 1263 368 capitis
1294 320 1479 364 motus,
1525 315 1722 364 vultus,

200 397 433 426 manuum
482 385 721 437 gestus¹)‚
772 384 888 424 sicuti
939 384 1149 424 manifeste
1198 390 1395 424 testantur
1443 390 1482 423 et
1529 383 1592 424 alii
1605 381 1638 434 2)
1684 389 1724 423 et

200 453 406 502 Quintil.
436 455 559 495 instit.
591 460 690 494 orat.
710 453 774 493 XI.
797 466 829 493 c.
853 451 897 492 3.·
919 455 943 502 ξ
967 453 1031 492 14.
1067 452 1162 493 Cum
1177 455 1224 492 sit
1254 459 1379 492 autem
1396 455 1545 493 omnis
1574 455 1722 499 actio,

199 529 243 562 ut
272 523 367 572 dimi,
395 526 443 563 in
473 523 592 563 duas
624 523 788 563 divisa
813 529 1009 574 parces,
1039 533 1196 569 vocem
1225 528 1531 575 fluuntque,
1562 534 1724 574 quorum

201 591 298 633 alter
326 588 466 640 oculos,
496 591 621 632 altera
650 603 763 632 aures
792 597 924 638 movet,
961 603 1034 644 per
1077 603 1167 644 quos
1214 592 1306 632 duos
1349 603 1481 630 sensus
1520 594 1644 632 omnis
1673 593 1724 632 ad

200 663 371 701 animum
393 666 570 713 penetrat
600 661 768 714 affectus,
796 663 909 713 prius
938 667 991 700 est
1021 660 1066 699 de
1095 672 1182 700 voce
1213 661 1347 707 dicere,
1391 661 1454 699 cui
1496 661 1610 699 eciam
1636 673 1722 712 qe-

200 736 299 770 stus
328 729 644 769 accommodatur.
730 732 754 778 ς
785 729 852 769 65.
885 727 1095 783 (yestus)
1128 754 1182 759 —
1212 735 1247 768 et
1291 731 1369 780 ipse
1413 730 1498 768 voci
1540 731 1723 769 consentit

204 804 239 851 et
268 799 395 837 animo
424 810 508 838 cum
539 796 585 837 e'a
613 798 728 838 simul
751 804 875 850 paret.
936 800 960 846 ξ
991 797 1057 837 66.
1089 820 1145 824 —
1175 809 1232 837 em
1275 797 1408 836 vultu
1452 799 1720 849 ingressu-

200 878 296 919 que
328 868 556 919 perspicitur
584 866 733 907 habitus
762 869 994 907 animorum.
1062 869 1086 915 ξ
1118 865 1184 906 68.
1216 865 1475 917 Praecipuum
1505 868 1548 905 in
1578 868 1722 907 actione

198 956 256 962 --
285 941 435 987 caput
478 941 554 974 est.
617 938 640 983 ξ
673 934 739 975 85.
774 935 950 975 Manus
978 958 1031 963 -
1063 937 1144 975 sine
1173 935 1309 988 quibus
1338 941 1475 974 trunca
1504 941 1599 975 esset
1629 937 1723 975 actio

200 1013 245 1041 ac
280 1002 422 1050 debilis,
452 1006 521 1043 vim
552 1004 628 1044 dici
649 1010 783 1056 potest,
815 1011 902 1057 quot
932 1011 1054 1044 motus
1087 1003 1263 1051 habeant,
1309 1015 1395 1043 cum
1435 1015 1558 1055 paene
1602 1006 1724 1055 ipsam

199 1071 403 1111 verborum
436 1074 581 1125 copiam
607 1081 898 1125 persequantur.

313 1140 390 1180 Sed
421 1140 517 1181 haec
546 1146 678 1180 tamen
710 1141 842 1180 omnia
872 1141 912 1180 in
944 1140 1090 1192 tragica
1121 1139 1282 1192 quidem
1312 1139 1553 1180 Graecorum
1584 1153 1724 1181 scaena

200 1209 489 1260 angustissimis
521 1209 819 1262 circumscripta
858 1215 972 1249 erant
1001 1209 1158 1248 finibus.
1219 1209 1319 1248 Nam
1350 1208 1518 1249 vultus
1548 1209 1723 1262 primum

200 1277 442 1325 adiumento,
473 1278 540 1331 qui
561 1278 601 1317 in
635 1282 790 1318 oratore
821 1279 879 1318 vel
910 1278 1077 1326 maxime
1110 1276 1393 1325 dominatur³)‚
1425 1278 1536 1318 cuius
1566 1291 1723 1318 summa

200 1351 262 1386 est
291 1346 452 1386 varietas
481 1359 763 1398 summumque
793 1347 840 1386 ad
873 1347 1085 1386 movendos
1116 1346 1271 1386 animos
1312 1341 1583 1397 momentum,
1627 1358 1723 1399 pro-

197 1420 285 1467 pter
327 1415 524 1455 larvarum
563 1427 683 1455 usum
696 1413 726 1465 4)
758 1427 922 1467 prorsus
966 1415 1106 1468 privati
1153 1420 1266 1454 erant
1310 1414 1524 1455 histriones
1569 1415 1720 1456 Graeci.

198 1483 273 1531 Qui
316 1496 577 1536 personarum
623 1497 719 1525 usus
763 1490 955 1537 qnantum
1000 1483 1230 1524 detrimenti
1276 1484 1436 1524 afferret
1481 1484 1723 1524 histrionum

199 1552 294 1600 arti,
343 1553 562 1593 rectissime
605 1553 878 1594 iudicaverunt
921 1564 1036 1593 senes
1082 1553 1242 1605 quidam
1288 1552 1476 1601 Romani,
1527 1553 1724 1607 Ciceronis

198 1620 393 1674 aequales,
440 1621 507 1674 qui
538 1629 794 1674 personatum
825 1635 875 1662 ne
905 1622 1092 1662 Roscium
1125 1621 1296 1673 quidem,
1343 1621 1645 1662 celeberrimum
1676 1622 1725 1661 il-

197 1689 272 1730 lius
292 1690 433 1730 aetatis
452 1689 701 1739 histrionem,
732 1703 874 1743 magno
896 1703 1016 1744 opere
1036 1688 1303 1740 laudabant5).
1363 1690 1495 1731 Animi
1525 1696 1586 1730 est
1616 1690 1722 1730 enim

199 1758 329 1798 omnis
362 1758 460 1798 actio
491 1764 530 1798 et
570 1758 698 1809 imago
743 1760 862 1799 animi
907 1760 1037 1799 vultus
1082 1761 1157 1808 e'st,
1199 1760 1348 1800 indices
1395 1758 1552 1809 oeuli⁶).
1627 1759 1723 1798 Esse

198 1831 330 1866 tamen
360 1826 605 1878 aliquantum
637 1828 721 1880 ipsa
752 1829 946 1868 larvarum
977 1828 1118 1874 forma,
1150 1827 1297 1874 colore,
1326 1828 1436 1867 vultu
1462 1827 1646 1867 eflectum
1676 1827 1724 1866 ad

199 1882 476 1945 significandos
521 1896 587 1948 qui
633 1896 970 1936 histrionibusin
1000 1908 1140 1936 scaena
1171 1896 1309 1948 agendi
1342 1901 1457 1936 erant
1486 1907 1641 1943 mores,
1678 1908 1725 1935 ex

198 1962 278 2002 hoc
305 1962 559 2014 intellegitur,
591 1966 695 2018 quod
727 1966 918 2017 Aesopus.
948 1964 1085 2004 histrio
1116 1965 1300 2016 tragicus,
1346 1976 1425 2004 non
1456 1964 1567 2017 prius
1597 1964 1724 2005 fertur

201 2030 320 2070 ullam
351 2031 528 2073 induisse
558 2047 630 2074 suo
662 2033 777 2086 capiti
807 2046 1033 2086 personam,
1080 2046 1197 2086 quam
1231 2034 1324 2082 „diu
1354 2046 1402 2073 ex
1430 2032 1595 2074 adverso
1625 2044 1724 2072 con·

292 2242 315 2283 ¹)
342 2242 503 2276 Cicero
529 2244 576 2276 de
602 2250 780 2277 oratore
804 2244 828 2277 1.
854 2255 883 2276 c.
910 2246 940 2277 5.
966 2243 987 2287 ξ
1027 2244 1078 2276 18.
1104 2242 1193 2276 Nam
1230 2244 1311 2286 quid
1339 2254 1399 2286 ego
1430 2243 1471 2276 de
1495 2246 1627 2277 actione
1650 2245 1725 2288 ipsa

193 2299 296 2343 plura
320 2299 452 2332 dicam?
498 2311 582 2343 quae
604 2304 719 2334 motu
755 2303 928 2345 corporae,
965 2313 1050 2344 quae
1069 2304 1222 2344 gestu,
1246 2311 1331 2344 quae
1355 2300 1494 2341 vultu,
1530 2310 1614 2343 quae
1637 2301 1726 2332 vocis

198 2358 468 2400 conformatione
489 2368 530 2390 ac
554 2360 715 2391 varietate
739 2358 945 2392 moderanda
968 2361 1031 2391 est.

288 2414 315 2454 ²)
340 2414 556 2448 Plutarch.
592 2416 770 2449 Demetr.
796 2427 824 2448 c.
851 2416 903 2449 18.
927 2417 963 2449 in
996 2415 1187 2459 praecipuis
1225 2414 1308 2446 artis
1344 2414 1525 2457 praesidiis
1551 2418 1726 2446 enumerat

195 2466 375 2513 βάδισιν
397 2473 458 2505 καὶ
481 2469 631 2517 φωνὴν
654 2472 715 2505 καὶ
739 2468 1008 2507 κατάκλισιν
1030 2473 1091 2505 καὶ
1113 2469 1497 2517 προσαγόρευσιν.
1546 2470 1725 2502 Lucian.

198 2526 303 2561 Pisc.
328 2540 356 2561 c.
383 2529 436 2561 31.
483 2526 524 2562 τὸ
550 2531 705 2574 πρᾶγμα
730 2525 861 2573 ὅμοιον
889 2526 1012 2563 ἐδόκει
1039 2541 1107 2573 μοι
1138 2526 1306 2573 καθάπερ
1330 2524 1377 2561 ἂν
1401 2529 1436 2560 εἴ
1456 2538 1509 2564 τις
1532 2524 1725 2574 {momnis-

202 2583 397 2630 τραγῳδίας
419 2583 608 2630 μαλθακὸς
625 2582 733 2622 αὐτὸς
750 2582 800 2619 ὢν
816 2587 875 2620 καὶ
891 2587 1094 2630 γυναικεῖος
1102 2582 1257 2628 Ἀχιλλέα
1274 2603 1317 2608 -
1330 2582 1568 2631 ὑποκρίνοιτο
1580 2602 1622 2607 -
1635 2580 1725 2628 μήτε

198 2640 389 2682 βαδίζων
409 2641 500 2687 μήτε
523 2644 641 2686 βοῶν
663 2636 829 2689 ἡρωϊκόν.

290 2697 316 2740 ³]
343 2699 525 2742 Quintil.
550 2702 646 2734 inst.
673 2705 778 2733 orat.
806 2699 864 2733 xl.
893 2711 920 2733 c.
946 2700 979 2732 3.
1003 2699 1024 2742 ξ
1050 2700 1102 2732 72.

291 2755 319 2798 ⁴)
344 2756 396 2791 Cf.
418 2757 465 2791 De
491 2758 654 2801 Aeschyli
679 2768 717 2790 re
742 2757 907 2790 scaenica.
931 2756 1016 2790 Pars
1041 2756 1080 2789 11.
1107 2767 1138 2800 p.
1165 2756 1228 2788 199
1253 2766 1322 2799 sqq.

290 2813 316 2854 ⁶)
342 2813 427 2846 Cic.
452 2813 498 2846 de
524 2819 706 2847 oratore.
733 2814 784 2847 lll.
811 2825 838 2847 c.
864 2814 917 2846 60.
943 2813 963 2856 ξ
989 2814 1065 2847 221.

294 2872 323 2912 ⁸)
348 2871 429 2904 Cic.
456 2872 500 2903 de
525 2876 673 2905 oratore.
699 2870 748 2904 111.
778 2882 807 2904 c.
832 2871 886 2903 60.
911 2870 933 2914 ᾖ
958 2870 1035 2903 221.
