2014 3204
118 1156 296 1232 Theatri
327 1198 365 1232 et
409 1204 574 1232 scaenae
605 1192 845 1233 Graecorum
877 1205 957 1233 non
1004 1193 1138 1234 minus
1169 1206 1289 1246 quam
1335 1196 1564 1247 tragoediae
1611 1200 1649 1237 et

121 1261 350 1301 comoediae
381 1260 547 1301 obscura
578 1267 673 1301 sunt
715 1261 945 1313 primordia.
1004 1262 1099 1302 Nam
1130 1262 1279 1303 ineerta
1324 1270 1364 1304 et
1407 1277 1504 1311 rara,
1549 1278 1648 1317 quae

120 1329 169 1368 de
198 1343 241 1370 re
270 1330 462 1377 scaenica,
494 1330 620 1382 qualis
651 1336 742 1370 ante
758 1330 965 1382 Thespidis
996 1331 1226 1372 memoriam
1259 1332 1388 1380 fuerit,
1420 1339 1646 1383 narrantur,

119 1397 237 1438 dubia
269 1404 310 1438 et
339 1411 478 1439 manca
509 1399 568 1438 vel
599 1411 732 1438 earum
765 1411 900 1439 rerum
933 1400 1041 1446 fides,
1074 1412 1172 1451 quae
1202 1400 1250 1439 de
1280 1401 1404 1452 ipsius
1435 1402 1645 1454 Thespidis

119 1471 157 1505 et
187 1467 255 1519 qui
299 1480 389 1507 eum
431 1467 556 1507 secuti
586 1473 679 1507 sunt
709 1467 932 1520 Phrynichi‚
965 1468 1145 1517 Choerili,
1176 1469 1356 1509 Pratinae
1401 1470 1647 1524 aliorumque

116 1539 243 1576 aetate
274 1535 323 1574 ad
354 1546 426 1575 nos
457 1541 737 1587 pervenerunt.
799 1537 914 1584 Quod
952 1537 1110 1590 quidem
1157 1537 1454 1578 admirationem
1501 1539 1646 1579 habere

116 1615 195 1643 non
226 1608 368 1656 potest,
399 1604 584 1656 quoniam
622 1604 796 1656 ipsarum
845 1616 944 1657 quae
990 1604 1038 1644 ab
1079 1605 1154 1644 illis
1199 1607 1440 1659 compositae
1482 1607 1646 1648 fuerunt

114 1671 346 1718 fabularum,
394 1673 476 1724 (qui
521 1673 676 1725 quidem
721 1674 1036 1726 limpidissimus,
1081 1687 1128 1713 ex
1177 1687 1254 1726 quo
1302 1675 1526 1727 hauriatur,
1585 1682 1645 1716 est

115 1741 221 1790 fons)
253 1746 319 1781 aut
339 1741 445 1780 nulla
476 1747 544 1781 aut
564 1742 758 1783 levissima
782 1747 936 1783 tantum
968 1742 1128 1794 vestigia
1149 1743 1420 1784 inveniuntur.
1466 1745 1645 1797 Aeschyli

121 1809 282 1849 demum
313 1814 393 1849 tam
424 1810 626 1861 magnifica
658 1816 808 1852 restant
839 1823 970 1863 opera,
1010 1816 1091 1851 tam
1122 1812 1196 1851 late
1226 1818 1439 1864 propagata
1471 1819 1532 1853 est
1562 1815 1645 1854 eius

119 1878 224 1930 apud
258 1884 411 1917 veteres
442 1878 562 1927 fama,
607 1884 653 1919 ut
697 1892 779 1919 non
809 1880 928 1919 modo
959 1880 1045 1932 ipse
1077 1880 1168 1932 quid
1213 1881 1386 1921 effecerit
1429 1883 1645 1923 accuratius

116 1946 330 1987 diiudicare
359 1947 486 1996 liceat,
518 1949 586 1988 sed
619 1949 737 1988 etiam
766 1961 836 2001 per
866 1961 957 1989 eum
987 1954 1118 2001 pateat
1148 1950 1194 1990 ad
1226 1962 1385 1990 omnem
1403 1951 1644 1992 Graecorum

118 2015 177 2056 rei
207 2014 410 2055 scaenicae
441 2016 643 2055 scientiam
676 2016 818 2056 aditus.
863 2017 913 2056 Et
950 2018 998 2056 de
1038 2023 1120 2057 arte
1151 2018 1310 2070 quidem
1329 2019 1503 2072 Aeschyli
1534 2020 1647 2061 miri·-

116 2083 199 2132 fica,
232 2084 280 2123 de
311 2083 532 2135 insignibus
562 2085 796 2136 tragoediae,
843 2098 943 2138 quae
973 2098 1043 2138 per
1076 2099 1164 2126 eum
1211 2087 1326 2139 cepit,
1373 2087 1644 2138 incrementis,

115 2152 164 2192 de
192 2152 438 2204 amplissimo
462 2152 630 2205 denique
654 2158 693 2192 et
724 2154 990 2194 excelsissimo
1023 2154 1106 2194 eius
1128 2155 1287 2207 ingenio
1310 2168 1398 2196 cum
1430 2157 1646 2209 superiori—

114 2220 187 2260 bus
203 2222 449 2273 temporibus
481 2233 564 2260 non
590 2221 812 2270 defuerunt,
833 2223 900 2275 qui
922 2223 1148 2274 diligentius
1170 2230 1419 2276 quaererent,
1451 2230 1535 2265 tum
1553 2238 1643 2266 vero

116 2289 236 2329 hodie
253 2290 426 2330 existunt
447 2290 519 2329 viri
538 2290 699 2335 summi,
715 2291 754 2330 in
772 2290 914 2342 quibus
929 2296 1088 2343 praeter
1103 2299 1232 2333 cetera
1249 2293 1468 2334 litterarum
1488 2299 1644 2334 nostra—

115 2371 206 2399 rum
238 2359 377 2399 decora
410 2363 526 2412 atque
573 2364 806 2399 ornamenta
851 2360 1013 2400 honoris
1058 2373 1171 2401 causa
1217 2362 1379 2402 nomino
1426 2376 1529 2409 eum,
1574 2375 1645 2415 per

116 2440 233 2481 quem
265 2427 385 2468 divini
416 2427 518 2468 illius
548 2431 687 2480 poetae
717 2429 986 2468 monumentis
1016 2428 1225 2481 pristinum
1273 2431 1527 2483 splendorem
1573 2430 1644 2470 ali-

117 2497 277 2550 quando
315 2496 543 2536 restitutum
589 2496 636 2535 iri
682 2497 944 2537 cummaxime
988 2509 1207 2550 speramus,
1240 2499 1511 2539 Godofredum
1540 2499 1644 2539 Her-

115 2578 319 2606 mannum.
388 2565 496 2612 Quae
543 2565 702 2617 quidem
740 2578 879 2605 omnes
923 2578 1000 2613 res,
1045 2579 1134 2606 cum
1167 2573 1205 2606 et
1234 2567 1433 2619 graviores
1480 2567 1558 2607 sint
1603 2572 1642 2607 et

116 2634 209 2674 satis
238 2634 278 2674 in
307 2647 350 2674 se
380 2633 550 2673 habeant
579 2634 626 2673 ad
658 2634 972 2686 cognoscendum
993 2634 1255 2682 invitamenfi,
1286 2637 1501 2676 multorum
1532 2648 1642 2675 sem-

114 2714 188 2754 per
231 2702 272 2742 in
316 2715 358 2743 se
399 2703 653 2743 adverterunt
683 2702 846 2742 animos.
909 2703 1052 2743 Contra
1083 2704 1167 2752 alia,
1214 2717 1312 2757 quae
1358 2704 1533 2757 quamvis
1577 2704 1642 2744 illa

118 2771 277 2824 quidem
308 2771 391 2812 sint
419 2771 630 2820 leviora,
667 2777 802 2811 tamen
848 2774 885 2809 et
915 2770 999 2823 ipsa
1030 2771 1078 2810 ad
1108 2761 1309 2811 scaenicos
1354 2776 1490 2824 poetas
1534 2776 1642 2811 recte

117 2840 379 2880 aestimandos
424 2845 519 2880 sunt
563 2839 805 2886 necessaria,
850 2838 969 2878 nimis
1014 2839 1081 2878 diu
1126 2841 1165 2879 in
1211 2840 1388 2880 tenebris
1433 2853 1524 2880 cum
1566 2852 1639 2880 ne-

116 2908 237 2960 glecta
267 2908 492 2957 iacuissent,
522 2913 660 2948 nostra
692 2908 863 2960 denique
893 2911 1020 2947 aetate
1050 2908 1223 2948 virorum
1256 2908 1460 2948 doctorum
1494 2908 1639 2949 excita-
