<?xml version="1.0" encoding="UTF-8"?>
<!DOCTYPE html PUBLIC "-//W3C//DTD XHTML 1.0 Transitional//EN"
    "http://www.w3.org/TR/xhtml1/DTD/xhtml1-transitional.dtd">
<html xmlns="http://www.w3.org/1999/xhtml" xml:lang="en" lang="en">
 <head>
  <title>
</title>
<meta http-equiv="Content-Type" content="text/html;charset=utf-8" />
  <meta name='ocr-system' content='tesseract 3.04.00' />
  <meta name='ocr-capabilities' content='ocr_page ocr_carea ocr_par ocr_line ocrx_word'/>
</head>
<body>
  <div class='ocr_page' id='page_1' title='image "./scaenicacollecta00sommuoft_0216.png"; bbox 0 0 2014 3204; ppageno 0'>
   <div class='ocr_carea' id='block_1_1' title="bbox 951 228 1262 269">
    <p class='ocr_par' dir='ltr' id='par_1_1' title="bbox 951 228 1262 269">
     <span class='ocr_line' id='line_1_1' title="bbox 951 228 1262 269; baseline -0.003 0"><span class='ocrx_word' id='word_1_1' title='bbox 951 228 1262 269; x_wconf 79' lang='lat'>-204—</span> 
     </span>
    </p>
   </div>
   <div class='ocr_carea' id='block_1_2' title="bbox 320 341 1860 2518">
    <p class='ocr_par' dir='ltr' id='par_1_2' title="bbox 320 341 1860 2245">
     <span class='ocr_line' id='line_1_2' title="bbox 337 341 1858 400; baseline 0.006 -21"><span class='ocrx_word' id='word_1_2' title='bbox 337 353 427 393; x_wconf 87' lang='lat' dir='ltr'>pars</span> <span class='ocrx_word' id='word_1_3' title='bbox 460 353 630 382; x_wconf 84' lang='lat' dir='ltr'>coronae</span> <span class='ocrx_word' id='word_1_4' title='bbox 652 341 848 395; x_wconf 78' lang='lat' dir='ltr'>vittaeque</span> <span class='ocrx_word' id='word_1_5' title='bbox 869 343 968 395; x_wconf 86' lang='lat' dir='ltr'>loco,</span> <span class='ocrx_word' id='word_1_6' title='bbox 1001 356 1098 397; x_wconf 90' lang='lat' dir='ltr'>quas</span> <span class='ocrx_word' id='word_1_7' title='bbox 1119 345 1162 385; x_wconf 91' lang='lat' dir='ltr'>in</span> <span class='ocrx_word' id='word_1_8' title='bbox 1183 346 1350 399; x_wconf 82' lang='lat' dir='ltr'>antiquis</span> <span class='ocrx_word' id='word_1_9' title='bbox 1372 346 1560 399; x_wconf 86' lang='lat' dir='ltr'>exemplis</span> <span class='ocrx_word' id='word_1_10' title='bbox 1581 347 1858 400; x_wconf 82' lang='lat' dir='ltr'><strong>conspicimus,</strong></span> 
     </span>
     <span class='ocr_line' id='line_1_3' title="bbox 336 409 1858 469; baseline 0.006 -21"><span class='ocrx_word' id='word_1_11' title='bbox 336 409 511 461; x_wconf 87' lang='lat' dir='ltr'>apposita</span> <span class='ocrx_word' id='word_1_12' title='bbox 541 423 622 450; x_wconf 89' lang='lat' dir='ltr'>non</span> <span class='ocrx_word' id='word_1_13' title='bbox 653 411 781 451; x_wconf 89' lang='lat' dir='ltr'>solum</span> <span class='ocrx_word' id='word_1_14' title='bbox 812 412 986 464; x_wconf 82' lang='lat' dir='ltr'>sinciput</span> <span class='ocrx_word' id='word_1_15' title='bbox 1015 414 1306 466; x_wconf 81' lang='lat' dir='ltr'>complectitur,</span> <span class='ocrx_word' id='word_1_16' title='bbox 1353 414 1420 454; x_wconf 91' lang='lat' dir='ltr'>sed</span> <span class='ocrx_word' id='word_1_17' title='bbox 1466 415 1582 455; x_wconf 87' lang='lat' dir='ltr'>etiam</span> <span class='ocrx_word' id='word_1_18' title='bbox 1626 429 1858 469; x_wconf 84' lang='lat' dir='ltr'>supremum</span> 
     </span>
     <span class='ocr_line' id='line_1_4' title="bbox 336 477 1857 535; baseline 0.005 -18"><span class='ocrx_word' id='word_1_19' title='bbox 336 477 575 530; x_wconf 85' lang='lat' dir='ltr'>occipitium.</span> <span class='ocrx_word' id='word_1_20' title='bbox 636 479 740 519; x_wconf 89' lang='lat' dir='ltr'>Haec</span> <span class='ocrx_word' id='word_1_21' title='bbox 783 486 913 520; x_wconf 81' lang='lat' dir='ltr'>autem</span> <span class='ocrx_word' id='word_1_22' title='bbox 959 487 1045 521; x_wconf 88' lang='lat' dir='ltr'>tum</span> <span class='ocrx_word' id='word_1_23' title='bbox 1091 483 1318 535; x_wconf 87' lang='lat' dir='ltr'>capillorum</span> <span class='ocrx_word' id='word_1_24' title='bbox 1350 483 1658 535; x_wconf 73' lang='lat' dir='ltr'>peculiaritatel)</span> <span class='ocrx_word' id='word_1_25' title='bbox 1704 484 1857 525; x_wconf 84' lang='lat' dir='ltr'>diversa</span> 
     </span>
     <span class='ocr_line' id='line_1_5' title="bbox 335 549 1859 594; baseline 0.006 -9"><span class='ocrx_word' id='word_1_26' title='bbox 335 552 406 593; x_wconf 87' lang='lat' dir='ltr'>est,</span> <span class='ocrx_word' id='word_1_27' title='bbox 438 552 525 587; x_wconf 86' lang='lat' dir='ltr'>tum</span> <span class='ocrx_word' id='word_1_28' title='bbox 556 560 648 588; x_wconf 89' lang='lat' dir='ltr'>vero</span> <span class='ocrx_word' id='word_1_29' title='bbox 680 549 824 589; x_wconf 91' lang='lat' dir='ltr'>minori</span> <span class='ocrx_word' id='word_1_30' title='bbox 857 550 1043 590; x_wconf 81' lang='lat' dir='ltr'>maiorive</span> <span class='ocrx_word' id='word_1_31' title='bbox 1073 551 1217 591; x_wconf 84' lang='lat' dir='ltr'>frontis</span> <span class='ocrx_word' id='word_1_32' title='bbox 1248 551 1465 592; x_wconf 79' lang='lat' dir='ltr'>altitudine.</span> <span class='ocrx_word' id='word_1_33' title='bbox 1506 553 1591 592; x_wconf 88' lang='lat' dir='ltr'>Huc</span> <span class='ocrx_word' id='word_1_34' title='bbox 1620 552 1725 593; x_wconf 88' lang='lat' dir='ltr'>enim</span> <span class='ocrx_word' id='word_1_35' title='bbox 1753 553 1859 594; x_wconf 85' lang='lat' dir='ltr'>refe-</span> 
     </span>
     <span class='ocr_line' id='line_1_6' title="bbox 333 615 1859 674; baseline 0.005 -20"><span class='ocrx_word' id='word_1_36' title='bbox 333 615 453 655; x_wconf 84' lang='lat' dir='ltr'>renda</span> <span class='ocrx_word' id='word_1_37' title='bbox 482 616 664 657; x_wconf 84' lang='lat' dir='ltr'>videntur</span> <span class='ocrx_word' id='word_1_38' title='bbox 695 617 772 657; x_wconf 87' lang='lat' dir='ltr'>duo</span> <span class='ocrx_word' id='word_1_39' title='bbox 803 618 865 658; x_wconf 89' lang='lat' dir='ltr'>illa</span> <span class='ocrx_word' id='word_1_40' title='bbox 897 618 1081 658; x_wconf 88' lang='lat' dir='ltr'>vocabula</span> <span class='ocrx_word' id='word_1_41' title='bbox 1114 621 1305 673; x_wconf 77' lang='grc' dir='ltr'><em>περὶκρ</em></span> <span class='ocrx_word' id='word_1_42' title='bbox 1318 633 1448 660; x_wconf 86' lang='grc' dir='ltr'><em>ανον</em></span> <span class='ocrx_word' id='word_1_43' title='bbox 1480 625 1520 660; x_wconf 88' lang='lat' dir='ltr'>et</span> <span class='ocrx_word' id='word_1_44' title='bbox 1550 617 1730 671; x_wconf 85' lang='grc' dir='ltr'><strong><em>ὄγκος,</em></strong></span> <span class='ocrx_word' id='word_1_45' title='bbox 1754 634 1859 674; x_wconf 89' lang='lat' dir='ltr'>quo-</span> 
     </span>
     <span class='ocr_line' id='line_1_7' title="bbox 334 685 1859 741; baseline 0.005 -18"><span class='ocrx_word' id='word_1_46' title='bbox 334 695 423 724; x_wconf 91' lang='lat' dir='ltr'>rum</span> <span class='ocrx_word' id='word_1_47' title='bbox 453 685 564 737; x_wconf 87' lang='lat' dir='ltr'>prius</span> <span class='ocrx_word' id='word_1_48' title='bbox 595 686 857 734; x_wconf 81' lang='lat' dir='ltr'>humiliorem,</span> <span class='ocrx_word' id='word_1_49' title='bbox 891 687 1087 739; x_wconf 84' lang='lat' dir='ltr'>posterius</span> <span class='ocrx_word' id='word_1_50' title='bbox 1119 687 1295 728; x_wconf 84' lang='lat' dir='ltr'>altiorem</span> <span class='ocrx_word' id='word_1_51' title='bbox 1325 689 1497 729; x_wconf 81' lang='lat' dir='ltr'>frontem</span> <span class='ocrx_word' id='word_1_52' title='bbox 1528 689 1745 741; x_wconf 81' lang='lat' dir='ltr'>siguificare</span> <span class='ocrx_word' id='word_1_53' title='bbox 1776 690 1859 730; x_wconf 86' lang='lat' dir='ltr'>exi—</span> 
     </span>
     <span class='ocr_line' id='line_1_8' title="bbox 331 753 1860 811; baseline 0.004 -19"><span class='ocrx_word' id='word_1_54' title='bbox 331 753 462 792; x_wconf 91' lang='lat' dir='ltr'>stimo.</span> <span class='ocrx_word' id='word_1_55' title='bbox 514 754 562 793; x_wconf 85' lang='lat' dir='ltr'>Et</span> <span class='ocrx_word' id='word_1_56' title='bbox 594 755 641 794; x_wconf 84' lang='lat' dir='ltr'>dc</span> <span class='ocrx_word' id='word_1_57' title='bbox 672 767 772 794; x_wconf 89' lang='lat' dir='ltr'>onco</span> <span class='ocrx_word' id='word_1_58' title='bbox 804 755 965 807; x_wconf 89' lang='lat' dir='ltr'>quidem</span> <span class='ocrx_word' id='word_1_59' title='bbox 997 756 1056 795; x_wconf 89' lang='lat' dir='ltr'>vix</span> <span class='ocrx_word' id='word_1_60' title='bbox 1087 761 1219 808; x_wconf 85' lang='lat' dir='ltr'>potest</span> <span class='ocrx_word' id='word_1_61' title='bbox 1249 769 1335 797; x_wconf 87' lang='lat' dir='ltr'>esse</span> <span class='ocrx_word' id='word_1_62' title='bbox 1366 755 1568 805; x_wconf 82' lang='lat' dir='ltr'>dubitatio,</span> <span class='ocrx_word' id='word_1_63' title='bbox 1599 758 1788 811; x_wconf 86' lang='lat' dir='ltr'>quoniam</span> <span class='ocrx_word' id='word_1_64' title='bbox 1820 764 1860 798; x_wconf 86' lang='lat' dir='ltr'>et</span> 
     </span>
     <span class='ocr_line' id='line_1_9' title="bbox 331 820 1859 878; baseline 0.004 -18"><span class='ocrx_word' id='word_1_65' title='bbox 331 820 415 873; x_wconf 83' lang='lat' dir='ltr'>ipsa</span> <span class='ocrx_word' id='word_1_66' title='bbox 445 834 519 862; x_wconf 87' lang='lat' dir='ltr'>vox</span> <span class='ocrx_word' id='word_1_67' title='bbox 549 827 795 863; x_wconf 83' lang='lat' dir='ltr'>tumorem</span> <span class='ocrx_word' id='word_1_68' title='bbox 827 824 993 876; x_wconf 86' lang='lat' dir='ltr'>aliquem</span> <span class='ocrx_word' id='word_1_69' title='bbox 1025 830 1157 876; x_wconf 86' lang='lat' dir='ltr'>aperte</span> <span class='ocrx_word' id='word_1_70' title='bbox 1187 824 1389 876; x_wconf 80' lang='lat' dir='ltr'>signifieat,</span> <span class='ocrx_word' id='word_1_71' title='bbox 1421 830 1460 864; x_wconf 87' lang='lat' dir='ltr'>ct</span> <span class='ocrx_word' id='word_1_72' title='bbox 1489 826 1614 878; x_wconf 89' lang='lat' dir='ltr'>qualis</span> <span class='ocrx_word' id='word_1_73' title='bbox 1641 825 1705 866; x_wconf 92' lang='lat' dir='ltr'>ille</span> <span class='ocrx_word' id='word_1_74' title='bbox 1725 830 1859 866; x_wconf 87' lang='lat' dir='ltr'>tumor</span> 
     </span>
     <span class='ocr_line' id='line_1_10' title="bbox 331 890 1858 944; baseline 0.003 -15"><span class='ocrx_word' id='word_1_75' title='bbox 331 890 395 937; x_wconf 90' lang='lat' dir='ltr'>sit,</span> <span class='ocrx_word' id='word_1_76' title='bbox 427 890 522 930; x_wconf 85' lang='lat' dir='ltr'>satis</span> <span class='ocrx_word' id='word_1_77' title='bbox 552 891 761 943; x_wconf 86' lang='lat' dir='ltr'>perspicue</span> <span class='ocrx_word' id='word_1_78' title='bbox 792 891 912 932; x_wconf 81' lang='lat' dir='ltr'>tradit</span> <span class='ocrx_word' id='word_1_79' title='bbox 942 892 1120 933; x_wconf 88' lang='lat' dir='ltr'>Pollux</span> <span class='ocrx_word' id='word_1_80' title='bbox 1150 894 1398 935; x_wconf 87' lang='lat' dir='ltr'>Onomast.</span> <span class='ocrx_word' id='word_1_81' title='bbox 1429 895 1490 934; x_wconf 90' lang='lat' dir='ltr'>IV.</span> <span class='ocrx_word' id='word_1_82' title='bbox 1527 894 1619 934; x_wconf 87' lang='lat'><strong>133.</strong></span> <span class='ocrx_word' id='word_1_83' title='bbox 1659 891 1787 944; x_wconf 83' lang='grc' dir='ltr'><strong><em>ὄγκος</em></strong></span> <span class='ocrx_word' id='word_1_84' title='bbox 1808 892 1858 934; x_wconf 80' lang='grc' dir='ltr'>δέ</span> 
     </span>
     <span class='ocr_line' id='line_1_11' title="bbox 331 955 1856 1017; baseline 0.003 -20"><span class='ocrx_word' id='word_1_85' title='bbox 331 955 425 998; x_wconf 77' lang='grc' dir='ltr'><em>ἐστι</em></span> <span class='ocrx_word' id='word_1_86' title='bbox 447 957 499 999; x_wconf 81' lang='grc' dir='ltr'>τὸ</span> <span class='ocrx_word' id='word_1_87' title='bbox 525 955 661 1013; x_wconf 76' lang='grc' dir='ltr'><em>ὑπὲρ</em></span> <span class='ocrx_word' id='word_1_88' title='bbox 686 958 741 1000; x_wconf 83' lang='grc' dir='ltr'>τὸ</span> <span class='ocrx_word' id='word_1_89' title='bbox 766 957 1066 1013; x_wconf 80' lang='grc' dir='ltr'><em>πρόσωπον</em></span> <span class='ocrx_word' id='word_1_90' title='bbox 1083 959 1283 1012; x_wconf 80' lang='grc' dir='ltr'><em>οἷνέχον</em></span> <span class='ocrx_word' id='word_1_91' title='bbox 1308 962 1383 1010; x_wconf 77' lang='grc' dir='ltr'><em>εἷς</em></span> <span class='ocrx_word' id='word_1_92' title='bbox 1413 958 1572 1017; x_wconf 79' lang='grc' dir='ltr'><em>ὕψος,</em></span> <span class='ocrx_word' id='word_1_93' title='bbox 1598 960 1856 1015; x_wconf 80' lang='grc' dir='ltr'><em>λαβδοειδὲς</em></span> 
     </span>
     <span class='ocr_line' id='line_1_12' title="bbox 330 1023 1856 1084; baseline 0.003 -19"><span class='ocrx_word' id='word_1_94' title='bbox 330 1025 393 1078; x_wconf 71' lang='grc' dir='ltr'>τῷ</span> <span class='ocrx_word' id='word_1_95' title='bbox 424 1023 627 1080; x_wconf 79' lang='grc' dir='ltr'><em>σχήματι.</em></span> <span class='ocrx_word' id='word_1_96' title='bbox 687 1029 749 1068; x_wconf 89' lang='lat' dir='ltr'>lv.</span> <span class='ocrx_word' id='word_1_97' title='bbox 783 1029 875 1068; x_wconf 88' lang='grc'>140.</span> <span class='ocrx_word' id='word_1_98' title='bbox 917 1027 975 1069; x_wconf 90' lang='grc' dir='ltr'><strong><em>Ἡ</em></strong></span> <span class='ocrx_word' id='word_1_99' title='bbox 1013 1029 1062 1070; x_wconf 78' lang='grc' dir='ltr'>δὲ</span> <span class='ocrx_word' id='word_1_100' title='bbox 1107 1026 1315 1084; x_wconf 79' lang='grc' dir='ltr'><em>κούριμος</em></span> <span class='ocrx_word' id='word_1_101' title='bbox 1342 1026 1569 1084; x_wconf 74' lang='grc' dir='ltr'><em>παρθένος</em></span> <span class='ocrx_word' id='word_1_102' title='bbox 1597 1027 1693 1071; x_wconf 81' lang='grc' dir='ltr'><em>ἀντὶ</em></span> <span class='ocrx_word' id='word_1_103' title='bbox 1724 1026 1856 1080; x_wconf 95' lang='grc' dir='ltr'><em>ὄγκου</em></span> 
     </span>
     <span class='ocr_line' id='line_1_13' title="bbox 330 1088 1855 1153; baseline 0.003 -20"><span class='ocrx_word' id='word_1_104' title='bbox 330 1088 418 1144; x_wconf 75' lang='grc' dir='ltr'><em>ἔχει</em></span> <span class='ocrx_word' id='word_1_105' title='bbox 450 1095 605 1148; x_wconf 78' lang='grc' dir='ltr'><strong><em>τριχῶν</em></strong></span> <span class='ocrx_word' id='word_1_106' title='bbox 635 1098 950 1151; x_wconf 80' lang='grc' dir='ltr'><em>κατεψημὲνων</em></span> <span class='ocrx_word' id='word_1_107' title='bbox 980 1096 1217 1151; x_wconf 80' lang='grc' dir='ltr'><em>διάκρισιν.</em></span> <span class='ocrx_word' id='word_1_108' title='bbox 1279 1100 1550 1153; x_wconf 84' lang='grc' dir='ltr'><em>Περίκρανον</em></span> <span class='ocrx_word' id='word_1_109' title='bbox 1580 1103 1726 1145; x_wconf 88' lang='lat' dir='ltr'>autem,</span> <span class='ocrx_word' id='word_1_110' title='bbox 1764 1110 1855 1138; x_wconf 89' lang='lat' dir='ltr'>cum</span> 
     </span>
     <span class='ocr_line' id='line_1_14' title="bbox 331 1163 1856 1219; baseline 0.003 -17"><span class='ocrx_word' id='word_1_111' title='bbox 331 1175 404 1214; x_wconf 88' lang='lat' dir='ltr'>pcr</span> <span class='ocrx_word' id='word_1_112' title='bbox 433 1176 476 1203; x_wconf 90' lang='lat' dir='ltr'>se</span> <span class='ocrx_word' id='word_1_113' title='bbox 507 1163 605 1204; x_wconf 90' lang='lat' dir='ltr'>nihil</span> <span class='ocrx_word' id='word_1_114' title='bbox 637 1165 740 1205; x_wconf 88' lang='lat' dir='ltr'>aliud</span> <span class='ocrx_word' id='word_1_115' title='bbox 771 1165 930 1212; x_wconf 83' lang='lat' dir='ltr'>indicet,</span> <span class='ocrx_word' id='word_1_116' title='bbox 975 1166 1048 1206; x_wconf 87' lang='lat' dir='ltr'>nisi</span> <span class='ocrx_word' id='word_1_117' title='bbox 1081 1167 1205 1219; x_wconf 89' lang='lat' dir='ltr'>quod</span> <span class='ocrx_word' id='word_1_118' title='bbox 1245 1167 1376 1207; x_wconf 87' lang='lat' dir='ltr'>circa</span> <span class='ocrx_word' id='word_1_119' title='bbox 1406 1172 1549 1219; x_wconf 87' lang='lat' dir='ltr'>caput</span> <span class='ocrx_word' id='word_1_120' title='bbox 1579 1171 1656 1207; x_wconf 88' lang='lat' dir='ltr'>est</span> <span class='ocrx_word' id='word_1_121' title='bbox 1702 1165 1767 1217; x_wconf 82' lang='lat' dir='ltr'>[ita</span> <span class='ocrx_word' id='word_1_122' title='bbox 1810 1171 1856 1206; x_wconf 86' lang='lat' dir='ltr'>ut</span> 
     </span>
     <span class='ocr_line' id='line_1_15' title="bbox 334 1232 1854 1288; baseline 0.002 -18"><span class='ocrx_word' id='word_1_123' title='bbox 334 1232 470 1273; x_wconf 88' lang='lat' dir='ltr'>multis</span> <span class='ocrx_word' id='word_1_124' title='bbox 502 1233 594 1273; x_wconf 88' lang='lat' dir='ltr'>locis</span> <span class='ocrx_word' id='word_1_125' title='bbox 626 1234 681 1273; x_wconf 93' lang='lat' dir='ltr'>nil</span> <span class='ocrx_word' id='word_1_126' title='bbox 710 1234 813 1274; x_wconf 87' lang='lat' dir='ltr'>aliud</span> <span class='ocrx_word' id='word_1_127' title='bbox 845 1235 896 1276; x_wconf 89' lang='lat' dir='ltr'>sit</span> <span class='ocrx_word' id='word_1_128' title='bbox 926 1235 1002 1276; x_wconf 86' lang='lat' dir='ltr'>nisi</span> <span class='ocrx_word' id='word_1_129' title='bbox 1035 1235 1171 1288; x_wconf 88' lang='lat' dir='ltr'>capitis</span> <span class='ocrx_word' id='word_1_130' title='bbox 1201 1235 1502 1287; x_wconf 85' lang='lat' dir='ltr'>tegumentum]‚</span> <span class='ocrx_word' id='word_1_131' title='bbox 1547 1247 1595 1274; x_wconf 85' lang='lat' dir='ltr'>ex</span> <span class='ocrx_word' id='word_1_132' title='bbox 1625 1247 1669 1275; x_wconf 88' lang='lat' dir='ltr'>eo</span> <span class='ocrx_word' id='word_1_133' title='bbox 1699 1239 1854 1275; x_wconf 85' lang='lat' dir='ltr'>tantum</span> 
     </span>
     <span class='ocr_line' id='line_1_16' title="bbox 329 1301 1855 1356; baseline 0.001 -16"><span class='ocrx_word' id='word_1_134' title='bbox 329 1301 570 1353; x_wconf 85' lang='lat' dir='ltr'>colligimus,</span> <span class='ocrx_word' id='word_1_135' title='bbox 615 1303 804 1343; x_wconf 91' lang='lat' dir='ltr'>humilius</span> <span class='ocrx_word' id='word_1_136' title='bbox 849 1304 945 1344; x_wconf 91' lang='lat' dir='ltr'>illud</span> <span class='ocrx_word' id='word_1_137' title='bbox 975 1304 1170 1343; x_wconf 87' lang='lat' dir='ltr'>larvarum</span> <span class='ocrx_word' id='word_1_138' title='bbox 1200 1314 1325 1354; x_wconf 85' lang='lat' dir='ltr'>genus</span> <span class='ocrx_word' id='word_1_139' title='bbox 1357 1303 1577 1356; x_wconf 80' lang='lat' dir='ltr'>designare,</span> <span class='ocrx_word' id='word_1_140' title='bbox 1622 1303 1729 1356; x_wconf 91' lang='lat' dir='ltr'>quod</span> <span class='ocrx_word' id='word_1_141' title='bbox 1773 1303 1855 1342; x_wconf 85' lang='lat' dir='ltr'>fere</span> 
     </span>
     <span class='ocr_line' id='line_1_17' title="bbox 329 1367 1854 1426; baseline 0.002 -19"><span class='ocrx_word' id='word_1_142' title='bbox 329 1370 542 1421; x_wconf 88' lang='lat' dir='ltr'>opponitur</span> <span class='ocrx_word' id='word_1_143' title='bbox 572 1383 683 1412; x_wconf 80' lang='lat' dir='ltr'>once.</span> <span class='ocrx_word' id='word_1_144' title='bbox 732 1373 857 1414; x_wconf 83' lang='lat' dir='ltr'>Veluti</span> <span class='ocrx_word' id='word_1_145' title='bbox 878 1373 939 1413; x_wconf 94' lang='lat' dir='ltr'>IV.</span> <span class='ocrx_word' id='word_1_146' title='bbox 975 1372 1067 1412; x_wconf 86' lang='lat'><strong>137.</strong></span> <span class='ocrx_word' id='word_1_147' title='bbox 1099 1369 1122 1412; x_wconf 85' lang='grc' dir='ltr'>ὁ</span> <span class='ocrx_word' id='word_1_148' title='bbox 1154 1371 1398 1426; x_wconf 76' lang='grc' dir='ltr'><strong><em>διφθερίας</em></strong></span> <span class='ocrx_word' id='word_1_149' title='bbox 1428 1371 1662 1412; x_wconf 86' lang='lat' dir='ltr'>describitur</span> <span class='ocrx_word' id='word_1_150' title='bbox 1693 1367 1854 1421; x_wconf 85' lang='grc' dir='ltr'><em>ὄγκον</em></span> 
     </span>
     <span class='ocr_line' id='line_1_18' title="bbox 328 1433 1853 1495; baseline 0.002 -18"><span class='ocrx_word' id='word_1_151' title='bbox 328 1434 418 1477; x_wconf 77' lang='grc' dir='ltr'><em>οὒκ</em></span> <span class='ocrx_word' id='word_1_152' title='bbox 447 1433 602 1489; x_wconf 66' lang='grc' dir='ltr'><em>ἔχων,</em></span> <span class='ocrx_word' id='word_1_153' title='bbox 629 1443 957 1495; x_wconf 81' lang='grc' dir='ltr'><em>περίκρανον</em></span> <span class='ocrx_word' id='word_1_154' title='bbox 985 1438 1028 1481; x_wconf 69' lang='grc' dir='ltr'>δ’</span> <span class='ocrx_word' id='word_1_155' title='bbox 1059 1433 1186 1492; x_wconf 71' lang='grc' dir='ltr'><em>ἔχει.</em></span> <span class='ocrx_word' id='word_1_156' title='bbox 1224 1440 1317 1480; x_wconf 84' lang='grc'><strong>139.</strong></span> <span class='ocrx_word' id='word_1_157' title='bbox 1344 1437 1394 1480; x_wconf 81' lang='grc' dir='ltr'>τὸ</span> <span class='ocrx_word' id='word_1_158' title='bbox 1425 1437 1474 1480; x_wconf 80' lang='grc' dir='ltr'>δὲ</span> <span class='ocrx_word' id='word_1_159' title='bbox 1505 1437 1721 1480; x_wconf 75' lang='grc' dir='ltr'><em>οἰκετικὸν</em></span> <span class='ocrx_word' id='word_1_160' title='bbox 1745 1436 1853 1492; x_wconf 82' lang='grc' dir='ltr'><em>γρᾴ-</em></span> 
     </span>
     <span class='ocr_line' id='line_1_19' title="bbox 327 1504 1852 1563; baseline 0 -17"><span class='ocrx_word' id='word_1_161' title='bbox 327 1505 426 1547; x_wconf 90' lang='grc' dir='ltr'><em>διον</em></span> <span class='ocrx_word' id='word_1_162' title='bbox 481 1509 818 1562; x_wconf 80' lang='grc' dir='ltr'><em>περίκρανον</em></span> <span class='ocrx_word' id='word_1_163' title='bbox 874 1508 921 1556; x_wconf 76' lang='grc' dir='ltr'>ἐξ</span> <span class='ocrx_word' id='word_1_164' title='bbox 959 1506 1208 1563; x_wconf 78' lang='grc' dir='ltr'><em>ἀρνακίδων</em></span> <span class='ocrx_word' id='word_1_165' title='bbox 1251 1504 1371 1548; x_wconf 71' lang='grc' dir='ltr'><em>ἀντὶ</em></span> <span class='ocrx_word' id='word_1_166' title='bbox 1416 1507 1494 1548; x_wconf 85' lang='grc' dir='ltr'>τοῦ</span> <span class='ocrx_word' id='word_1_167' title='bbox 1535 1504 1695 1558; x_wconf 90' lang='grc' dir='ltr'><em>ὄγκου</em></span> <span class='ocrx_word' id='word_1_168' title='bbox 1749 1504 1852 1558; x_wconf 82' lang='grc' dir='ltr'><em>ἔχει.</em></span> 
     </span>
     <span class='ocr_line' id='line_1_20' title="bbox 330 1574 1852 1629; baseline 0.001 -16"><span class='ocrx_word' id='word_1_169' title='bbox 330 1574 428 1614; x_wconf 90' lang='lat' dir='ltr'>Onci</span> <span class='ocrx_word' id='word_1_170' title='bbox 460 1581 590 1615; x_wconf 85' lang='lat' dir='ltr'>autem</span> <span class='ocrx_word' id='word_1_171' title='bbox 622 1577 699 1629; x_wconf 87' lang='lat' dir='ltr'>ipsi</span> <span class='ocrx_word' id='word_1_172' title='bbox 728 1590 867 1618; x_wconf 86' lang='lat' dir='ltr'>rursus</span> <span class='ocrx_word' id='word_1_173' title='bbox 894 1584 960 1618; x_wconf 85' lang='lat' dir='ltr'>aut</span> <span class='ocrx_word' id='word_1_174' title='bbox 981 1577 1181 1618; x_wconf 87' lang='lat' dir='ltr'>breviores</span> <span class='ocrx_word' id='word_1_175' title='bbox 1212 1581 1316 1624; x_wconf 85' lang='lat' dir='ltr'>sunt,</span> <span class='ocrx_word' id='word_1_176' title='bbox 1348 1581 1415 1617; x_wconf 87' lang='lat' dir='ltr'>aut</span> <span class='ocrx_word' id='word_1_177' title='bbox 1443 1575 1654 1626; x_wconf 86' lang='lat' dir='ltr'>longiores,</span> <span class='ocrx_word' id='word_1_178' title='bbox 1685 1575 1852 1616; x_wconf 86' lang='lat' dir='ltr'>maiores</span> 
     </span>
     <span class='ocr_line' id='line_1_21' title="bbox 325 1640 1851 1698; baseline 0.001 -16"><span class='ocrx_word' id='word_1_179' title='bbox 325 1648 391 1682; x_wconf 89' lang='lat' dir='ltr'>aut</span> <span class='ocrx_word' id='word_1_180' title='bbox 413 1644 599 1685; x_wconf 88' lang='lat' dir='ltr'>minores.</span> <span class='ocrx_word' id='word_1_181' title='bbox 641 1645 670 1684; x_wconf 94' lang='lat' dir='ltr'>P</span> <span class='ocrx_word' id='word_1_182' title='bbox 684 1645 763 1686; x_wconf 91' lang='lat' dir='ltr'>oll.</span> <span class='ocrx_word' id='word_1_183' title='bbox 787 1646 951 1686; x_wconf 86' lang='lat' dir='ltr'>Onom.</span> <span class='ocrx_word' id='word_1_184' title='bbox 973 1646 1033 1687; x_wconf 77' lang='lat' dir='ltr'>lv,</span> <span class='ocrx_word' id='word_1_185' title='bbox 1072 1645 1163 1686; x_wconf 85' lang='lat'><strong>134.</strong></span> <span class='ocrx_word' id='word_1_186' title='bbox 1181 1642 1226 1685; x_wconf 90' lang='grc' dir='ltr'>Ὁ</span> <span class='ocrx_word' id='word_1_187' title='bbox 1243 1640 1293 1685; x_wconf 81' lang='grc' dir='ltr'>δὲ</span> <span class='ocrx_word' id='word_1_188' title='bbox 1314 1643 1464 1692; x_wconf 83' lang='grc' dir='ltr'><em>λευκὸς</em></span> <span class='ocrx_word' id='word_1_189' title='bbox 1486 1641 1592 1698; x_wconf 73' lang='grc' dir='ltr'><em>ἀνὴρ</em></span> <span class='ocrx_word' id='word_1_190' title='bbox 1611 1666 1668 1672; x_wconf 92' lang='lat'>-——</span> <span class='ocrx_word' id='word_1_191' title='bbox 1687 1643 1851 1696; x_wconf 79' lang='grc' dir='ltr'><em>χρῶμα,</em></span> 
     </span>
     <span class='ocr_line' id='line_1_22' title="bbox 323 1706 1852 1767; baseline 0 -16"><span class='ocrx_word' id='word_1_192' title='bbox 323 1706 347 1751; x_wconf 81' lang='grc' dir='ltr'>ὁ</span> <span class='ocrx_word' id='word_1_193' title='bbox 366 1710 423 1751; x_wconf 78' lang='grc' dir='ltr'>δὲ</span> <span class='ocrx_word' id='word_1_194' title='bbox 440 1710 566 1763; x_wconf 88' lang='grc' dir='ltr'><em>ὄγκο</em></span> <span class='ocrx_word' id='word_1_195' title='bbox 581 1728 601 1760; x_wconf 89' lang='grc' dir='ltr'><strong><em>ς</em></strong></span> <span class='ocrx_word' id='word_1_196' title='bbox 626 1715 654 1766; x_wconf 84' lang='grc' dir='ltr'>β</span> <span class='ocrx_word' id='word_1_197' title='bbox 668 1711 797 1766; x_wconf 81' lang='grc' dir='ltr'><em>ραχύ</em></span> <span class='ocrx_word' id='word_1_198' title='bbox 810 1729 840 1761; x_wconf 90' lang='grc' dir='ltr'>ς.</span> <span class='ocrx_word' id='word_1_199' title='bbox 860 1711 906 1755; x_wconf 88' lang='grc' dir='ltr'><em>Ὁ</em></span> <span class='ocrx_word' id='word_1_200' title='bbox 923 1713 972 1754; x_wconf 79' lang='grc' dir='ltr'>δὲ</span> <span class='ocrx_word' id='word_1_201' title='bbox 991 1713 1121 1761; x_wconf 74' lang='grc' dir='ltr'><em>μέλας</em></span> <span class='ocrx_word' id='word_1_202' title='bbox 1139 1710 1246 1767; x_wconf 72' lang='grc' dir='ltr'><em>ἀνὴρ</em></span> <span class='ocrx_word' id='word_1_203' title='bbox 1261 1736 1317 1741; x_wconf 87' lang='lat'>—</span> <span class='ocrx_word' id='word_1_204' title='bbox 1333 1711 1580 1766; x_wconf 84' lang='grc' dir='ltr'><em>πρόσωπον</em></span> <span class='ocrx_word' id='word_1_205' title='bbox 1597 1710 1670 1752; x_wconf 81' lang='grc' dir='ltr'><em>καὶ</em></span> <span class='ocrx_word' id='word_1_206' title='bbox 1687 1713 1852 1765; x_wconf 82' lang='grc' dir='ltr'><em>μέγας</em></span> 
     </span>
     <span class='ocr_line' id='line_1_23' title="bbox 325 1774 1852 1835; baseline 0 -15"><span class='ocrx_word' id='word_1_207' title='bbox 325 1777 348 1819; x_wconf 87' lang='grc' dir='ltr'>ὁ</span> <span class='ocrx_word' id='word_1_208' title='bbox 379 1778 549 1830; x_wconf 87' lang='grc' dir='ltr'><em>ὄγκος.</em></span> <span class='ocrx_word' id='word_1_209' title='bbox 614 1782 705 1822; x_wconf 80' lang='lat'><strong>135.</strong></span> <span class='ocrx_word' id='word_1_210' title='bbox 734 1779 780 1823; x_wconf 89' lang='grc' dir='ltr'><em>Ὁ</em></span> <span class='ocrx_word' id='word_1_211' title='bbox 809 1781 858 1823; x_wconf 80' lang='grc' dir='ltr'>δὲ</span> <span class='ocrx_word' id='word_1_212' title='bbox 891 1780 1056 1829; x_wconf 75' lang='grc' dir='ltr'><em>ξανθὸς</em></span> <span class='ocrx_word' id='word_1_213' title='bbox 1087 1774 1197 1835; x_wconf 72' lang='grc' dir='ltr'><em>α’νῂρ</em></span> <span class='ocrx_word' id='word_1_214' title='bbox 1239 1778 1432 1828; x_wconf 74' lang='grc' dir='ltr'><em>ξανθοὺς</em></span> <span class='ocrx_word' id='word_1_215' title='bbox 1470 1778 1558 1831; x_wconf 78' lang='grc' dir='ltr'><em>ἔχει</em></span> <span class='ocrx_word' id='word_1_216' title='bbox 1589 1777 1852 1834; x_wconf 79' lang='grc' dir='ltr'><em>βοστρύχους</em></span> 
     </span>
     <span class='ocr_line' id='line_1_24' title="bbox 324 1844 1852 1904; baseline 0.001 -18"><span class='ocrx_word' id='word_1_217' title='bbox 324 1847 416 1887; x_wconf 86' lang='grc' dir='ltr'><em>καὶ</em></span> <span class='ocrx_word' id='word_1_218' title='bbox 448 1847 617 1899; x_wconf 81' lang='grc' dir='ltr'><em>ὄγκον</em></span> <span class='ocrx_word' id='word_1_219' title='bbox 647 1846 779 1904; x_wconf 77' lang='grc' dir='ltr'><strong><em>ἥττω</em></strong></span> <span class='ocrx_word' id='word_1_220' title='bbox 812 1865 848 1891; x_wconf 91' lang='grc' dir='ltr'>κ.</span> <span class='ocrx_word' id='word_1_221' title='bbox 878 1866 914 1891; x_wconf 85' lang='grc' dir='ltr'><em>τ.</em></span> <span class='ocrx_word' id='word_1_222' title='bbox 946 1849 982 1890; x_wconf 83' lang='grc' dir='ltr'><em>λ.</em></span> <span class='ocrx_word' id='word_1_223' title='bbox 1033 1850 1126 1890; x_wconf 87' lang='grc'><strong>136.</strong></span> <span class='ocrx_word' id='word_1_224' title='bbox 1153 1846 1199 1890; x_wconf 87' lang='lat' dir='ltr'>‘O</span> <span class='ocrx_word' id='word_1_225' title='bbox 1229 1845 1274 1889; x_wconf 64' lang='grc' dir='ltr'>δ’</span> <span class='ocrx_word' id='word_1_226' title='bbox 1306 1844 1508 1895; x_wconf 72' lang='grc' dir='ltr'><em>οὖλος-</em></span> <span class='ocrx_word' id='word_1_227' title='bbox 1537 1844 1852 1902; x_wconf 77' lang='grc' dir='ltr'><em>ὑπέρογκος.</em></span> 
     </span>
     <span class='ocr_line' id='line_1_25' title="bbox 327 1913 1851 1972; baseline 0.001 -17"><span class='ocrx_word' id='word_1_228' title='bbox 327 1916 419 1957; x_wconf 87' lang='grc'><strong>138.</strong></span> <span class='ocrx_word' id='word_1_229' title='bbox 448 1914 494 1959; x_wconf 90' lang='grc' dir='ltr'><strong><em>Ὁ</em></strong></span> <span class='ocrx_word' id='word_1_230' title='bbox 526 1916 575 1958; x_wconf 80' lang='grc' dir='ltr'>δὲ</span> <span class='ocrx_word' id='word_1_231' title='bbox 605 1916 912 1972; x_wconf 78' lang='grc' dir='ltr'><em>σφηνοπώγων</em></span> <span class='ocrx_word' id='word_1_232' title='bbox 942 1915 1123 1972; x_wconf 77' lang='grc' dir='ltr'><em>ἀκμάζει</em></span> <span class='ocrx_word' id='word_1_233' title='bbox 1172 1916 1244 1957; x_wconf 82' lang='grc' dir='ltr'><em>καὶ</em></span> <span class='ocrx_word' id='word_1_234' title='bbox 1291 1915 1448 1967; x_wconf 88' lang='grc' dir='ltr'><em>ὄγκον</em></span> <span class='ocrx_word' id='word_1_235' title='bbox 1491 1913 1702 1971; x_wconf 79' lang='grc' dir='ltr'><em>ὑψηλὸν</em></span> <span class='ocrx_word' id='word_1_236' title='bbox 1743 1914 1851 1967; x_wconf 81' lang='grc' dir='ltr'><em>ἔχει</em></span> 
     </span>
     <span class='ocr_line' id='line_1_26' title="bbox 323 1981 1852 2040; baseline 0 -16"><span class='ocrx_word' id='word_1_237' title='bbox 323 1983 412 2024; x_wconf 84' lang='grc' dir='ltr'><em>καὶ</em></span> <span class='ocrx_word' id='word_1_238' title='bbox 443 1983 658 2026; x_wconf 78' lang='grc' dir='ltr'><em>πλατύν.</em></span> <span class='ocrx_word' id='word_1_239' title='bbox 689 2010 745 2016; x_wconf 85' lang='grc'><strong>-</strong></span> <span class='ocrx_word' id='word_1_240' title='bbox 771 1984 819 2027; x_wconf 87' lang='grc' dir='ltr'><em>Ὁ</em></span> <span class='ocrx_word' id='word_1_241' title='bbox 848 1985 898 2027; x_wconf 81' lang='grc' dir='ltr'>δὲ</span> <span class='ocrx_word' id='word_1_242' title='bbox 929 1983 1147 2040; x_wconf 74' lang='grc' dir='ltr'><em>οἷνάσιμος</em></span> <span class='ocrx_word' id='word_1_243' title='bbox 1178 1983 1491 2039; x_wconf 84' lang='grc' dir='ltr'><em>υπέρογκος.</em></span> <span class='ocrx_word' id='word_1_244' title='bbox 1555 1985 1647 2025; x_wconf 88' lang='grc'><strong>139.</strong></span> <span class='ocrx_word' id='word_1_245' title='bbox 1683 1981 1735 2025; x_wconf 87' lang='grc' dir='ltr'><strong><em>Ἡ</em></strong></span> <span class='ocrx_word' id='word_1_246' title='bbox 1771 1983 1852 2038; x_wconf 80' lang='grc' dir='ltr'><em>μὲν</em></span> 
     </span>
     <span class='ocr_line' id='line_1_27' title="bbox 324 2049 1850 2109; baseline 0 -17"><span class='ocrx_word' id='word_1_247' title='bbox 324 2051 463 2092; x_wconf 80' lang='grc' dir='ltr'><em>πολιὰ</em></span> <span class='ocrx_word' id='word_1_248' title='bbox 503 2049 752 2107; x_wconf 77' lang='grc' dir='ltr'><em>κατάκομος</em></span> <span class='ocrx_word' id='word_1_249' title='bbox 774 2084 782 2094; x_wconf 92' lang='grc'><strong>.</strong></span> <span class='ocrx_word' id='word_1_250' title='bbox 806 2085 816 2095; x_wconf 91' lang='grc'><em>.</em></span> <span class='ocrx_word' id='word_1_251' title='bbox 840 2085 849 2095; x_wconf 95' lang='grc'><em>.</em></span> <span class='ocrx_word' id='word_1_252' title='bbox 871 2057 1069 2109; x_wconf 80' lang='grc' dir='ltr'><em>μετρία</em></span> <span class='ocrx_word' id='word_1_253' title='bbox 1109 2052 1199 2095; x_wconf 80' lang='grc' dir='ltr'><em>τὸν</em></span> <span class='ocrx_word' id='word_1_254' title='bbox 1239 2051 1408 2105; x_wconf 89' lang='grc' dir='ltr'><em>ὄγκον.</em></span> <span class='ocrx_word' id='word_1_255' title='bbox 1474 2051 1542 2093; x_wconf 86' lang='grc' dir='ltr'>Τὸ</span> <span class='ocrx_word' id='word_1_256' title='bbox 1584 2050 1628 2093; x_wconf 79' lang='grc' dir='ltr'>δ’</span> <span class='ocrx_word' id='word_1_257' title='bbox 1668 2050 1850 2093; x_wconf 72' lang='grc' dir='ltr'><em>ἐλεύθε-</em></span> 
     </span>
     <span class='ocr_line' id='line_1_28' title="bbox 322 2119 1851 2177; baseline 0.001 -17"><span class='ocrx_word' id='word_1_258' title='bbox 322 2134 398 2174; x_wconf 87' lang='grc' dir='ltr'><em>ρον</em></span> <span class='ocrx_word' id='word_1_259' title='bbox 447 2119 630 2174; x_wconf 73' lang='grc' dir='ltr'><em>γρᾴδιον</em></span> <span class='ocrx_word' id='word_1_260' title='bbox 667 2153 708 2163; x_wconf 91' lang='grc'>..</span> <span class='ocrx_word' id='word_1_261' title='bbox 732 2153 741 2162; x_wconf 93' lang='grc'><strong>.</strong></span> <span class='ocrx_word' id='word_1_262' title='bbox 778 2122 977 2177; x_wconf 82' lang='grc' dir='ltr'><em>μικρὸν</em></span> <span class='ocrx_word' id='word_1_263' title='bbox 1017 2121 1178 2174; x_wconf 85' lang='grc' dir='ltr'><em>ὄγκον</em></span> <span class='ocrx_word' id='word_1_264' title='bbox 1228 2120 1366 2174; x_wconf 81' lang='grc' dir='ltr'><em>ἔχον.</em></span> <span class='ocrx_word' id='word_1_265' title='bbox 1432 2119 1494 2162; x_wconf 90' lang='grc' dir='ltr'>Τὸ</span> <span class='ocrx_word' id='word_1_266' title='bbox 1544 2119 1594 2161; x_wconf 76' lang='grc' dir='ltr'>δὲ</span> <span class='ocrx_word' id='word_1_267' title='bbox 1634 2119 1851 2162; x_wconf 77' lang='grc' dir='ltr'><em>οἰκετικὸν</em></span> 
     </span>
     <span class='ocr_line' id='line_1_29' title="bbox 320 2188 1430 2245; baseline 0.001 -16"><span class='ocrx_word' id='word_1_268' title='bbox 320 2188 590 2244; x_wconf 85' lang='grc' dir='ltr'><em>μεσόκουρον</em></span> <span class='ocrx_word' id='word_1_269' title='bbox 630 2191 703 2230; x_wconf 85' lang='grc' dir='ltr'><em>καὶ</em></span> <span class='ocrx_word' id='word_1_270' title='bbox 745 2192 978 2245; x_wconf 80' lang='grc' dir='ltr'><em>βραχὺς</em></span> <span class='ocrx_word' id='word_1_271' title='bbox 1018 2189 1201 2242; x_wconf 87' lang='grc' dir='ltr'><em>ὄγκος</em></span> <span class='ocrx_word' id='word_1_272' title='bbox 1242 2205 1277 2230; x_wconf 91' lang='grc' dir='ltr'>κ.</span> <span class='ocrx_word' id='word_1_273' title='bbox 1315 2205 1351 2230; x_wconf 84' lang='grc' dir='ltr'><em>τ.</em></span> <span class='ocrx_word' id='word_1_274' title='bbox 1391 2189 1430 2230; x_wconf 81' lang='grc' dir='ltr'><em>λ.</em></span> 
     </span>
    </p>

    <p class='ocr_par' dir='ltr' id='par_1_3' title="bbox 321 2258 1850 2518">
     <span class='ocr_line' id='line_1_30' title="bbox 435 2258 1849 2312; baseline 0.001 -15"><span class='ocrx_word' id='word_1_275' title='bbox 435 2259 539 2299; x_wconf 85' lang='lat' dir='ltr'>Haec</span> <span class='ocrx_word' id='word_1_276' title='bbox 569 2264 701 2300; x_wconf 88' lang='lat' dir='ltr'>autem</span> <span class='ocrx_word' id='word_1_277' title='bbox 723 2260 856 2299; x_wconf 83' lang='lat' dir='ltr'>omnia</span> <span class='ocrx_word' id='word_1_278' title='bbox 877 2271 1144 2312; x_wconf 86' lang='lat' dir='ltr'>personarum</span> <span class='ocrx_word' id='word_1_279' title='bbox 1169 2271 1312 2311; x_wconf 83' lang='lat' dir='ltr'>genera</span> <span class='ocrx_word' id='word_1_280' title='bbox 1344 2259 1392 2298; x_wconf 89' lang='lat' dir='ltr'>ad</span> <span class='ocrx_word' id='word_1_281' title='bbox 1421 2258 1658 2310; x_wconf 83' lang='lat' dir='ltr'>tragicorum</span> <span class='ocrx_word' id='word_1_282' title='bbox 1688 2258 1849 2299; x_wconf 84' lang='lat' dir='ltr'>histrio—</span> 
     </span>
     <span class='ocr_line' id='line_1_31' title="bbox 322 2321 1848 2382; baseline 0.001 -18"><span class='ocrx_word' id='word_1_283' title='bbox 322 2338 416 2369; x_wconf 89' lang='lat' dir='ltr'>num</span> <span class='ocrx_word' id='word_1_284' title='bbox 450 2334 682 2378; x_wconf 85' lang='lat' dir='ltr'>apparatum</span> <span class='ocrx_word' id='word_1_285' title='bbox 714 2324 878 2382; x_wconf 81' lang='grc' dir='ltr'><em>(σκευή)</em></span> <span class='ocrx_word' id='word_1_286' title='bbox 911 2327 1132 2368; x_wconf 86' lang='lat' dir='ltr'>necessaria</span> <span class='ocrx_word' id='word_1_287' title='bbox 1164 2333 1258 2368; x_wconf 80' lang='lat' dir='ltr'>sunt</span> <span class='ocrx_word' id='word_1_288' title='bbox 1289 2321 1365 2376; x_wconf 74' lang='grc' dir='ltr'>(ἔν</span> <span class='ocrx_word' id='word_1_289' title='bbox 1382 2336 1409 2367; x_wconf 90' lang='grc' dir='ltr'>σ</span> <span class='ocrx_word' id='word_1_290' title='bbox 1425 2341 1448 2366; x_wconf 88' lang='grc' dir='ltr'><em>κ</em></span> <span class='ocrx_word' id='word_1_291' title='bbox 1463 2341 1484 2366; x_wconf 83' lang='grc' dir='ltr'><em>ε</em></span> <span class='ocrx_word' id='word_1_292' title='bbox 1499 2339 1523 2367; x_wconf 90' lang='grc' dir='ltr'><em>υ</em></span> <span class='ocrx_word' id='word_1_293' title='bbox 1540 2341 1577 2381; x_wconf 37' lang='grc' dir='ltr'>α,</span> <span class='ocrx_word' id='word_1_294' title='bbox 1597 2321 1848 2381; x_wconf 79' lang='grc' dir='ltr'><em>πρόσωπα).</em></span> 
     </span>
     <span class='ocr_line' id='line_1_32' title="bbox 323 2393 1849 2449; baseline 0.001 -16"><span class='ocrx_word' id='word_1_295' title='bbox 323 2395 487 2434; x_wconf 79' lang='lat' dir='ltr'>Restant</span> <span class='ocrx_word' id='word_1_296' title='bbox 520 2395 614 2435; x_wconf 84' lang='lat' dir='ltr'>aliae</span> <span class='ocrx_word' id='word_1_297' title='bbox 642 2408 847 2448; x_wconf 85' lang='lat' dir='ltr'>personae,</span> <span class='ocrx_word' id='word_1_298' title='bbox 879 2408 977 2449; x_wconf 88' lang='lat' dir='ltr'>quae</span> <span class='ocrx_word' id='word_1_299' title='bbox 1007 2396 1055 2436; x_wconf 89' lang='lat' dir='ltr'>ad</span> <span class='ocrx_word' id='word_1_300' title='bbox 1086 2396 1327 2448; x_wconf 83' lang='lat' dir='ltr'>singularum</span> <span class='ocrx_word' id='word_1_301' title='bbox 1348 2395 1567 2435; x_wconf 82' lang='lat' dir='ltr'>fabularum</span> <span class='ocrx_word' id='word_1_302' title='bbox 1591 2405 1706 2435; x_wconf 92' lang='lat' dir='ltr'>usum</span> <span class='ocrx_word' id='word_1_303' title='bbox 1727 2393 1849 2434; x_wconf 85' lang='lat' dir='ltr'>fabri-</span> 
     </span>
     <span class='ocr_line' id='line_1_33' title="bbox 321 2461 1850 2518; baseline 0 -16"><span class='ocrx_word' id='word_1_304' title='bbox 321 2463 465 2503; x_wconf 81' lang='lat' dir='ltr'>candae</span> <span class='ocrx_word' id='word_1_305' title='bbox 497 2469 610 2504; x_wconf 85' lang='lat' dir='ltr'>erant</span> <span class='ocrx_word' id='word_1_306' title='bbox 655 2462 941 2516; x_wconf 80' lang='grc' dir='ltr'><em>(ἔκσκευα</em></span> <span class='ocrx_word' id='word_1_307' title='bbox 981 2461 1271 2518; x_wconf 56' lang='grc' dir='ltr'><em>πρόσωπαῖ),</em></span> <span class='ocrx_word' id='word_1_308' title='bbox 1318 2469 1357 2504; x_wconf 89' lang='lat' dir='ltr'>et</span> <span class='ocrx_word' id='word_1_309' title='bbox 1402 2462 1568 2504; x_wconf 87' lang='lat' dir='ltr'>omnino</span> <span class='ocrx_word' id='word_1_310' title='bbox 1611 2461 1780 2503; x_wconf 87' lang='lat' dir='ltr'>rariores</span> <span class='ocrx_word' id='word_1_311' title='bbox 1811 2467 1850 2503; x_wconf 86' lang='lat' dir='ltr'>et</span> 
     </span>
    </p>
   </div>
   <div class='ocr_carea' id='block_1_3' title="bbox 322 2554 604 2564">
    <p class='ocr_par' dir='ltr' id='par_1_4' title="bbox 322 2554 604 2564">
     <span class='ocr_line' id='line_1_34' title="bbox 322 2554 604 2564; baseline 0 0"><span class='ocrx_word' id='word_1_312' title='bbox 322 2554 604 2564; x_wconf 95' lang='lat' dir='ltr'> </span> 
     </span>
    </p>
   </div>
   <div class='ocr_carea' id='block_1_4' title="bbox 314 2595 1851 2927">
    <p class='ocr_par' dir='ltr' id='par_1_5' title="bbox 314 2595 1851 2873">
     <span class='ocr_line' id='line_1_35' title="bbox 413 2595 1849 2648; baseline -0.001 -14"><span class='ocrx_word' id='word_1_313' title='bbox 413 2602 439 2643; x_wconf 90' lang='lat'>¹)</span> <span class='ocrx_word' id='word_1_314' title='bbox 463 2602 567 2636; x_wconf 91' lang='lat' dir='ltr'>Poll.</span> <span class='ocrx_word' id='word_1_315' title='bbox 587 2604 722 2635; x_wconf 80' lang='lat' dir='ltr'>Onoiu.</span> <span class='ocrx_word' id='word_1_316' title='bbox 740 2602 796 2635; x_wconf 76' lang='lat' dir='ltr'>lv.</span> <span class='ocrx_word' id='word_1_317' title='bbox 817 2603 892 2636; x_wconf 73' lang='lat'>134.</span> <span class='ocrx_word' id='word_1_318' title='bbox 908 2601 945 2636; x_wconf 92' lang='lat' dir='ltr'>‘O</span> <span class='ocrx_word' id='word_1_319' title='bbox 961 2602 999 2636; x_wconf 78' lang='grc' dir='ltr'>δὲ</span> <span class='ocrx_word' id='word_1_320' title='bbox 1014 2600 1134 2639; x_wconf 84' lang='grc' dir='ltr'><em>λευκὸς</em></span> <span class='ocrx_word' id='word_1_321' title='bbox 1151 2600 1242 2648; x_wconf 80' lang='grc' dir='ltr'><em>ἀνὴρ</em></span> <span class='ocrx_word' id='word_1_322' title='bbox 1257 2601 1329 2638; x_wconf 77' lang='grc' dir='ltr'><em>πᾶς</em></span> <span class='ocrx_word' id='word_1_323' title='bbox 1344 2601 1415 2645; x_wconf 83' lang='grc' dir='ltr'><em>μέν</em></span> <span class='ocrx_word' id='word_1_324' title='bbox 1435 2599 1515 2634; x_wconf 74' lang='grc' dir='ltr'><em>ἐστι</em></span> <span class='ocrx_word' id='word_1_325' title='bbox 1532 2597 1672 2641; x_wconf 87' lang='grc' dir='ltr'><em>πολιὸς,</em></span> <span class='ocrx_word' id='word_1_326' title='bbox 1697 2595 1849 2647; x_wconf 81' lang='grc' dir='ltr'>βόστρὺ-</span> 
     </span>
     <span class='ocr_line' id='line_1_36' title="bbox 314 2654 1851 2704; baseline -0.001 -12"><span class='ocrx_word' id='word_1_327' title='bbox 314 2670 408 2703; x_wconf 79' lang='grc' dir='ltr'><em>χους</em></span> <span class='ocrx_word' id='word_1_328' title='bbox 421 2658 454 2692; x_wconf 75' lang='grc' dir='ltr'>δ’</span> <span class='ocrx_word' id='word_1_329' title='bbox 488 2659 560 2703; x_wconf 79' lang='grc' dir='ltr'><em>ἔχει</em></span> <span class='ocrx_word' id='word_1_330' title='bbox 596 2661 682 2703; x_wconf 85' lang='grc' dir='ltr'><em>περὶ</em></span> <span class='ocrx_word' id='word_1_331' title='bbox 711 2656 777 2701; x_wconf 76' lang='grc' dir='ltr'><em>τὴν</em></span> <span class='ocrx_word' id='word_1_332' title='bbox 802 2656 971 2703; x_wconf 74' lang='grc' dir='ltr'><em>κεφαλήν.</em></span> <span class='ocrx_word' id='word_1_333' title='bbox 994 2678 1037 2683; x_wconf 88' lang='grc'>-</span> <span class='ocrx_word' id='word_1_334' title='bbox 1056 2657 1093 2692; x_wconf 88' lang='lat' dir='ltr'>‘O</span> <span class='ocrx_word' id='word_1_335' title='bbox 1117 2658 1155 2692; x_wconf 84' lang='grc' dir='ltr'>δὲ</span> <span class='ocrx_word' id='word_1_336' title='bbox 1182 2659 1291 2702; x_wconf 82' lang='grc' dir='ltr'><em>μέλας</em></span> <span class='ocrx_word' id='word_1_337' title='bbox 1317 2655 1411 2700; x_wconf 81' lang='grc' dir='ltr'><em>ἀνὴρ</em></span> <span class='ocrx_word' id='word_1_338' title='bbox 1440 2654 1516 2689; x_wconf 83' lang='grc' dir='ltr'>ἀπὸ</span> <span class='ocrx_word' id='word_1_339' title='bbox 1545 2655 1614 2700; x_wconf 80' lang='grc' dir='ltr'><em>μὲν</em></span> <span class='ocrx_word' id='word_1_340' title='bbox 1639 2657 1701 2703; x_wconf 79' lang='grc' dir='ltr'><em>τῆς</em></span> <span class='ocrx_word' id='word_1_341' title='bbox 1722 2660 1851 2704; x_wconf 85' lang='grc' dir='ltr'><em>χροίας</em></span> 
     </span>
     <span class='ocr_line' id='line_1_37' title="bbox 318 2711 1850 2760; baseline -0.001 -13"><span class='ocrx_word' id='word_1_342' title='bbox 318 2711 478 2759; x_wconf 76' lang='grc' dir='ltr'><em>τοῦνομα</em></span> <span class='ocrx_word' id='word_1_343' title='bbox 504 2711 609 2751; x_wconf 80' lang='grc' dir='ltr'><em>οὖλος</em></span> <span class='ocrx_word' id='word_1_344' title='bbox 633 2717 693 2748; x_wconf 86' lang='grc' dir='ltr'><em>καὶ</em></span> <span class='ocrx_word' id='word_1_345' title='bbox 717 2713 757 2748; x_wconf 79' lang='grc' dir='ltr'>τὸ</span> <span class='ocrx_word' id='word_1_346' title='bbox 784 2717 926 2759; x_wconf 73' lang='grc' dir='ltr'><em>γένειον</em></span> <span class='ocrx_word' id='word_1_347' title='bbox 949 2717 1010 2747; x_wconf 83' lang='grc' dir='ltr'><em>καὶ</em></span> <span class='ocrx_word' id='word_1_348' title='bbox 1034 2712 1097 2757; x_wconf 75' lang='grc' dir='ltr'><em>τὴν</em></span> <span class='ocrx_word' id='word_1_349' title='bbox 1117 2711 1247 2760; x_wconf 85' lang='grc' dir='ltr'><em>κόμην.</em></span> <span class='ocrx_word' id='word_1_350' title='bbox 1278 2715 1351 2748; x_wconf 88' lang='lat'>135.</span> <span class='ocrx_word' id='word_1_351' title='bbox 1373 2711 1411 2747; x_wconf 90' lang='lat' dir='ltr'>‘O</span> <span class='ocrx_word' id='word_1_352' title='bbox 1435 2712 1471 2747; x_wconf 81' lang='grc' dir='ltr'>δὲ</span> <span class='ocrx_word' id='word_1_353' title='bbox 1493 2711 1625 2751; x_wconf 74' lang='grc' dir='ltr'><em>ξανθὸς</em></span> <span class='ocrx_word' id='word_1_354' title='bbox 1649 2712 1744 2759; x_wconf 75' lang='grc' dir='ltr'><em>ἀνὴρ</em></span> <span class='ocrx_word' id='word_1_355' title='bbox 1769 2715 1850 2753; x_wconf 74' lang='grc' dir='ltr'><em>ξαν-</em></span> 
     </span>
     <span class='ocr_line' id='line_1_38' title="bbox 318 2765 1849 2818; baseline -0.001 -13"><span class='ocrx_word' id='word_1_356' title='bbox 318 2771 405 2809; x_wconf 69' lang='grc' dir='ltr'><em>θοὺς</em></span> <span class='ocrx_word' id='word_1_357' title='bbox 426 2772 500 2816; x_wconf 78' lang='grc' dir='ltr'><em>ἔχει</em></span> <span class='ocrx_word' id='word_1_358' title='bbox 522 2766 749 2816; x_wconf 80' lang='grc' dir='ltr'><em>βοστρύχους.</em></span> <span class='ocrx_word' id='word_1_359' title='bbox 778 2772 853 2805; x_wconf 85' lang='grc'><strong>136.</strong></span> <span class='ocrx_word' id='word_1_360' title='bbox 878 2770 915 2805; x_wconf 91' lang='grc' dir='ltr'><strong>Ὸ</strong></span> <span class='ocrx_word' id='word_1_361' title='bbox 937 2769 969 2804; x_wconf 69' lang='grc' dir='ltr'>δ’</span> <span class='ocrx_word' id='word_1_362' title='bbox 997 2765 1097 2809; x_wconf 76' lang='grc' dir='ltr'><em>οὖλος</em></span> <span class='ocrx_word' id='word_1_363' title='bbox 1121 2769 1272 2810; x_wconf 75' lang='grc' dir='ltr'><em>ξανθὸς·</em></span> <span class='ocrx_word' id='word_1_364' title='bbox 1298 2771 1337 2803; x_wconf 82' lang='grc' dir='ltr'>αἱ</span> <span class='ocrx_word' id='word_1_365' title='bbox 1359 2772 1478 2816; x_wconf 77' lang='grc' dir='ltr'><em>τρίχες</em></span> <span class='ocrx_word' id='word_1_366' title='bbox 1500 2771 1548 2814; x_wconf 77' lang='grc' dir='ltr'>τῷ</span> <span class='ocrx_word' id='word_1_367' title='bbox 1566 2768 1663 2815; x_wconf 81' lang='grc' dir='ltr'><em>ὄγκῳ</em></span> <span class='ocrx_word' id='word_1_368' title='bbox 1685 2779 1849 2818; x_wconf 77' lang='grc' dir='ltr'><em>προσπε-</em></span> 
     </span>
     <span class='ocr_line' id='line_1_39' title="bbox 319 2825 650 2873; baseline -0.003 -12"><span class='ocrx_word' id='word_1_369' title='bbox 319 2825 484 2873; x_wconf 78' lang='grc' dir='ltr'><em>πήγασιν</em></span> <span class='ocrx_word' id='word_1_370' title='bbox 508 2841 539 2862; x_wconf 88' lang='grc' dir='ltr'>κ.</span> <span class='ocrx_word' id='word_1_371' title='bbox 564 2840 593 2862; x_wconf 78' lang='grc' dir='ltr'><em>τ.</em></span> <span class='ocrx_word' id='word_1_372' title='bbox 620 2829 650 2861; x_wconf 94' lang='grc' dir='ltr'>λ.</span> 
     </span>
    </p>

    <p class='ocr_par' dir='ltr' id='par_1_6' title="bbox 411 2883 1846 2927">
     <span class='ocr_line' id='line_1_40' title="bbox 411 2883 1846 2927; baseline -0.001 -8"><span class='ocrx_word' id='word_1_373' title='bbox 411 2886 436 2925; x_wconf 88' lang='lat'>²)</span> <span class='ocrx_word' id='word_1_374' title='bbox 462 2885 565 2919; x_wconf 86' lang='lat' dir='ltr'>Poll.</span> <span class='ocrx_word' id='word_1_375' title='bbox 585 2885 794 2920; x_wconf 79' lang='lat' dir='ltr'>0nom.1v.</span> <span class='ocrx_word' id='word_1_376' title='bbox 816 2887 889 2919; x_wconf 82' lang='lat'>141.</span> <span class='ocrx_word' id='word_1_377' title='bbox 908 2886 962 2919; x_wconf 83' lang='lat'>42.</span> <span class='ocrx_word' id='word_1_378' title='bbox 981 2883 1021 2918; x_wconf 75' lang='grc' dir='ltr'>τὰ</span> <span class='ocrx_word' id='word_1_379' title='bbox 1042 2884 1079 2918; x_wconf 83' lang='grc' dir='ltr'>δὲ</span> <span class='ocrx_word' id='word_1_380' title='bbox 1097 2885 1281 2919; x_wconf 79' lang='grc' dir='ltr'><em>ἔκσκευα</em></span> <span class='ocrx_word' id='word_1_381' title='bbox 1299 2885 1362 2924; x_wconf 79' lang='lat' dir='ltr'>(ita</span> <span class='ocrx_word' id='word_1_382' title='bbox 1380 2885 1554 2926; x_wconf 74' lang='lat' dir='ltr'>legendum</span> <span class='ocrx_word' id='word_1_383' title='bbox 1573 2895 1632 2927; x_wconf 88' lang='lat' dir='ltr'>pro</span> <span class='ocrx_word' id='word_1_384' title='bbox 1649 2883 1846 2926; x_wconf 75' lang='grc' dir='ltr'><em>ἔνσκευα)</em></span> 
     </span>
    </p>
   </div>
  </div>
 </body>
</html>
