2014 3204
174 1089 377 1163 Veterum
408 1134 470 1162 res
503 1121 678 1161 scaenica
710 1119 777 1158 diu
808 1118 936 1158 iacuit.
984 1117 1034 1157 Ut
1055 1119 1160 1158 enim
1184 1119 1250 1170 qui
1271 1118 1538 1170 superioribus
1561 1131 1699 1158 saecu-

116 1219 119 1221 -
170 1193 219 1232 115
248 1192 464 1232 extiterunt
493 1188 736 1241 antiquitatis
766 1188 1001 1239 interpretes
1032 1187 1072 1226 in
1103 1193 1333 1226 transcursu
1374 1192 1527 1226 tantum
1573 1188 1695 1227 levem

171 1261 255 1301 eius
286 1259 526 1299 mentionem
557 1258 748 1302 fecerunt,
780 1256 849 1303 sic,
879 1255 947 1306 qui
977 1259 1068 1294 ante
1100 1255 1173 1294 hos
1196 1255 1330 1306 viginti
1361 1267 1483 1295 annos
1504 1255 1696 1307 integram

171 1330 342 1382 aliquam
375 1333 525 1381 partem
557 1326 630 1365 sibi
661 1325 902 1365 tractandam
938 1322 1126 1375 sumpsit,
1158 1322 1414 1372 Genellius¹)‚
1458 1328 1502 1362 ut
1531 1323 1701 1362 breviter

173 1398 298 1438 dicam
332 1396 436 1448 quod
469 1395 610 1442 sentio,
641 1406 724 1433 rem
757 1392 1074 1444 ingeniosissime
1105 1391 1338 1430 obscuravit.
1389 1391 1515 1444 Atque
1546 1391 1698 1430 etiamsi

170 1465 377 1506 iustiorem
410 1462 621 1514 indagandi
660 1462 758 1500 viam
800 1461 999 1511 ingressus
1039 1464 1098 1499 est
1134 1459 1190 1499 vir
1235 1471 1415 1499 summus
1452 1459 1699 1499 Godofredus

170 1533 420 1573 Hermannus
436 1531 709 1585 permultaque
729 1530 824 1582 ipse,
855 1541 954 1581 quae
984 1529 1063 1567 huc
1083 1527 1340 1579 pertinerent,
1371 1527 1515 1579 passim
1547 1528 1700 1579 egregie

170 1602 390 1655 illustravit,
420 1606 553 1641 tamen
585 1611 735 1647 eorum,
769 1597 835 1650 qui
865 1598 904 1636 in
935 1597 1011 1637 hoc
1031 1596 1253 1636 litterarum
1285 1595 1416 1635 studio
1439 1596 1700 1643 elaborarent,

170 1681 381 1722 permagna
411 1669 618 1720 hucusque
646 1667 719 1706 fuit
759 1666 934 1706 virorum
973 1664 1165 1717 paucitas.
1226 1664 1306 1704 Iam
1353 1675 1444 1702 vero
1489 1664 1699 1715 improvisa

171 1737 262 1777 huic
291 1737 521 1789 disciplinae
558 1735 625 1775 lux
670 1734 831 1780 affulsit,
876 1739 1086 1786 postquam
1125 1732 1228 1784 regis
1259 1732 1559 1771 clementissimi
1590 1732 1701 1771 iussu

171 1805 362 1846 Postamii
392 1803 556 1857 nuper2)
588 1802 793 1856 Sophoclis
822 1802 951 1842 fabula
991 1807 1074 1841 acta
1116 1806 1194 1849 est,
1235 1813 1335 1852 quae
1366 1800 1593 1840 inscribitur
1622 1800 1702 1839 Α11-

171 1874 317 1925 tigona.

285 1941 440 1981 Etenim
488 1953 576 1980 cum
608 1939 754 1979 multae
789 1952 810 1978 a
849 1951 892 1978 re
924 1939 1098 1978 scaenica
1131 1938 1317 1977 excitatae
1357 1941 1490 1976 essent
1517 1936 1702 1975 -disficul-

172 2015 274 2050 tates
304 2010 455 2061 virique
485 2008 588 2048 docti
620 2020 699 2047 non
742 2006 1072 2046 contemnendam
1106 2006 1191 2045 eius
1236 2005 1501 2056 cognitionem
1531 2005 1703 2044 iudicas-

172 2084 260 2118 sent
289 2078 336 2118 ad
368 2083 545 2117 veterum
578 2082 618 2115 et
647 2075 863 2127 tragoedias
894 2080 934 2114 et
963 2074 1186 2113 comoedias
1218 2073 1376 2125 penitus
1406 2073 1702 2124 intellegendas,

172 2159 255 2187 non
285 2146 411 2198 pauci,
443 2145 485 2185 111
515 2145 622 2184 hunc
652 2144 844 2184 incultum
876 2155 1012 2193 agrum
1054 2142 1238 2188 traducti,
1278 2141 1325 2181 ad
1356 2141 1587 2193 reperienda
1633 2153 1702 2180 ex—

172 2214 442 2267 plorandaque
479 2215 639 2265 sparsa,
683 2208 783 2264 quae
826 2215 977 2257 extant,
1025 2223 1114 2250 cum
1160 2210 1381 2249 litterarum
1427 2215 1513 2249 tum
1558 2209 1700 2249 artium

172 2286 433 2323 monumenta
461 2294 503 2321 se
525 2280 793 2320 accinxerunt.
841 2281 1019 2327 Quorum
1051 2284 1183 2318 tamen
1206 2278 1354 2318 diversa
1388 2283 1448 2317 est
1477 2277 1702 2329 disputandi

171 2351 285 2397 ratio,
315 2350 493 2389 diversus
525 2354 704 2389 eventus.

286 2418 336 2457 Et
374 2417 437 2458 alii
476 2417 659 2469 quidem,
693 2416 857 2456 Genellii
898 2416 1057 2466 vestigia
1098 2419 1349 2467 prementeS,
1394 2414 1453 2454 vel
1485 2413 1703 2454 delibantes

172 2487 387 2527 nonnullos
419 2491 597 2526 veterum
629 2485 867 2537 scriptorum
898 2485 1020 2535 locos,
1052 2484 1109 2523 vel
1140 2495 1306 2536 prorsus
1337 2482 1599 2534 despicientes
1630 2494 1705 2522 an-

173 2556 375 2608 tiquorum
408 2554 615 2599 auxilium,
657 2554 881 2593 coniectura
910 2553 1032 2605 rapti,
1064 2552 1185 2591 miras
1216 2551 1406 2603 quasdam
1437 2550 1510 2589 sibi
1548 2551 1705 2602 fingunt

172 2636 248 2672 res,
280 2636 380 2676 quae
410 2623 591 2675 quamvis
620 2621 932 2674 ingeniosissime
963 2622 1042 2661 sint
1072 2620 1328 2672 excogitatae,
1376 2624 1416 2658 at
1460 2624 1564 2658 certe
1600 2619 1705 2658 anti-

267 2751 295 2791 ¹)
331 2750 420 2782 Hans
457 2748 630 2781 Christian
658 2747 812 2788 Genelli,
848 2747 908 2779 das
937 2745 1085 2778 Theater
1122 2756 1161 2777 zu
1194 2745 1315 2778 Athen.
1367 2744 1479 2776 Berlin
1504 2745 1570 2776 und
1597 2743 1700 2787 Leip-

176 2807 243 2847 zig,
269 2807 367 2839 1818.

263 2862 289 2903 2)
314 2863 375 2895 Die
399 2861 555 2896 XXVIll.
591 2873 634 2894 111.
659 2861 734 2894 Oct.
770 2871 800 2892 a.
830 2859 930 2902 XLI„
967 2859 1088 2891 deinde
1125 2858 1258 2901 saepius
1294 2858 1444 2900 repetita
1468 2857 1620 2889 Berolini
1657 2855 1700 2888 cf.

173 2918 390 2952 Preul'sische
415 2919 670 2959 staatszeitung
697 2918 794 2951 1841.
843 2917 906 2950 No.
933 2917 1010 2950 301.
1036 2916 1114 2948 307.
1140 2916 1215 2948 308.
1243 2915 1319 2948 316.
1347 2914 1423 2947 317.

1418 2971 1464 3005 2ss
