2014 3204
938 261 1249 301 -138—

331 378 421 415 dem
453 390 532 416 non
565 376 700 416 dubito
733 376 827 428 quin
860 381 998 416 nostro
1030 377 1114 416 loco
1146 376 1321 428 praedita
1351 377 1412 417 sit.
1476 377 1545 417 Sin
1590 391 1680 419 vero
1711 380 1855 433 aliquid

330 443 566 484 discriminis
598 457 685 484 esse
714 444 970 484 iudicandum
1002 450 1062 484 est
1091 445 1195 484 inter
1225 445 1381 496 logeum
1413 449 1453 484 et
1497 447 1786 497 proscaenium,
1816 449 1856 489 id

331 513 459 552 solum
507 525 593 552 esse
640 513 835 561 existimo,
877 513 981 566 quod
1027 513 1302 565 proscaenium
1349 513 1541 565 significat
1585 527 1743 555 omnem
1789 518 1857 570 qui

331 586 422 621 ante
452 593 632 621 scaenam
666 586 726 621 est
756 581 901 628 locum,
932 581 971 620 id
1003 587 1064 621 est
1094 586 1134 621 et
1163 582 1287 633 ipsam
1330 582 1666 623 substructionem
1709 597 1756 624 ex
1798 585 1857 625 la-

332 650 424 702 pide
465 649 607 689 factam
641 654 681 689 et
710 649 919 702 pulpitum,
950 650 990 689 in
1023 662 1102 702 quo
1133 650 1395 702 loquebantur
1430 650 1656 698 histriones,
1702 652 1859 704 logeum

334 722 467 757 autem
501 718 629 757 solum
661 717 857 770 pulpitum
890 718 1062 769 ligneum
1093 719 1425 770 superstructioni
1455 719 1698 771 impositum,
1743 720 1859 761 sicuti

330 785 467 826 testari
489 786 643 826 videtur
664 786 885 838 Inscript
915 786 1092 826 theatr.
1125 786 1280 827 Patar.
1305 782 1598 841 αὐτοκράτορι
1619 811 1673 817 -
1694 784 1860 843 ἀνέθη-

332 868 405 895 κεν
434 852 508 893 καὶ
541 854 818 907 καθιέρωσεν
848 850 946 893 τότε
975 850 1255 907 προσκήνιον,
1288 851 1313 894 ὅ
1343 851 1660 896 κατεσκεύασεν
1689 853 1736 896 ἐκ
1779 858 1860 897 θε-

332 921 493 975 μελίων
522 918 546 962 o‘
579 920 722 975 πατὴρ
754 917 886 975 αὐτῆς
921 919 1107 969 Κόϊντος
1128 918 1327 970 Οὗείλιος
1349 921 1571 971 Τιτιανός,
1605 922 1678 963 καὶ
1709 922 1786 966 τὸν
1814 923 1861 966 ἒν

332 985 456 1045 αὐτῷ
475 987 640 1043 κόσμον
671 989 745 1030 καὶ
765 989 820 1030 τὰ
849 988 953 1043 περὶ
985 984 1091 1029 αὐτὸ
1122 1013 1175 1018 —-
1208 989 1281 1029 καὶ
1311 989 1388 1044 τὴν
1417 991 1495 1031 τοῦ
1524 990 1698 1042 λογείου
1728 1007 1859 1033 κατα-

334 1057 489 1113 σκευὴν
505 1057 578 1098 καὶ
594 1055 838 1106 πλάκωσιν,
856 1055 884 1098 ἆ
900 1056 1110 1111 ἐποίησεν
1126 1054 1282 1112 αὐτήῑ).
1329 1059 1478 1107 Quodsi
1498 1059 1550 1099 ita
1571 1073 1635 1100 res
1665 1073 1708 1101 se
1728 1061 1858 1110 habet,

332 1140 414 1167 non
449 1139 549 1180 opus
581 1127 655 1166 erit
686 1140 773 1167 cum
807 1126 1020 1179 Schlegelio
1053 1127 1090 1176 (l.
1124 1126 1147 1165 1.
1178 1139 1215 1178 p.
1247 1125 1361 1175 271).
1419 1127 1584 1168 Vitruvii
1614 1129 1750 1170 verba:
1781 1133 1861 1170 eius

333 1196 430 1249 loyei
457 1196 667 1236 altitudo
696 1208 774 1235 uon
802 1197 929 1235 minus
959 1194 1062 1235 debet
1093 1206 1168 1234 esse
1194 1193 1337 1246 pedum
1365 1195 1510 1244 decem,
1539 1209 1617 1238 uon
1643 1196 1733 1249 plus
1762 1198 1860 1238 duo-

333 1265 451 1305 decim
481 1269 633 1304 mutare
654 1263 703 1313 ¹in
733 1266 813 1303 eius
843 1263 939 1315 loyei
967 1262 1188 1302 latitudo.
1251 1262 1348 1302 Nam
1394 1264 1427 1303 si
1470 1264 1628 1316 logeum
1666 1276 1754 1305 'non
1798 1270 1861 1306 est

267 1372 270 1376 ,
331 1332 529 1386 pulpitum
560 1332 603 1371 in
632 1331 884 1384 parascaenio
916 1331 1162 1378 collocatum,
1208 1331 1413 1372 sedidem
1460 1338 1520 1374 est
1565 1338 1684 1387 atque
1727 1334 1859 1387 ipsum

333 1401 626 1454 proscaenium,
657 1400 768 1440 facile
799 1399 1076 1451 intellegimus
1108 1411 1158 1439 ne
1189 1400 1364 1452 potuisse
1397 1401 1556 1453 quidem
1586 1407 1691 1442 certa
1736 1415 1860 1455 quae-

332 1471 422 1510 dam
454 1473 663 1522 praecepta
694 1468 778 1508 dari
809 1468 857 1508 de
887 1467 1165 1508 latitudine
1200 1468 1300 1516 eius,
1345 1469 1414 1508 sed
1443 1469 1567 1510 fuisse
1597 1482 1683 1510 eam
1728 1474 1859 1523 aptam

333 1551 379 1578 ex
410 1538 530 1578 totius
560 1536 703 1577 theatri
733 1548 979 1588 scaenaeque
1009 1535 1244 1577 rationibus.
1295 1536 1409 1584 Quod
1440 1543 1572 1578 autem
1604 1538 1747 1589 dicit2),
1776 1550 1859 1578 non

331 1611 513 1647 constare
544 1606 618 1646 sibi
648 1605 882 1654 Vitruvium,
928 1606 996 1657 qui
1027 1609 1140 1645 antea
1170 1606 1219 1645 de
1249 1605 1518 1646 Romanorum
1549 1606 1705 1646 theatro
1736 1612 1860 1648 statu-

333 1675 407 1716 erit
437 1674 510 1723 „In
539 1674 732 1715 orchestra
761 1679 887 1714 autem
916 1680 1139 1715 senatorum
1167 1680 1256 1714 sunt
1284 1674 1432 1715 sedibus
1472 1674 1554 1715 loca
1590 1674 1784 1728 designata
1827 1682 1862 1716 et

331 1746 411 1783 eius
443 1743 588 1796 pulpiti
623 1742 781 1782 altitudo
829 1744 877 1782 sit
916 1755 972 1782 ne
1005 1743 1122 1795 plus
1157 1743 1328 1794 pedum
1364 1744 1588 1796 quinque,
1626 1745 1686 1784 uti
1721 1745 1787 1797 qui
1820 1746 1863 1784 in

333 1811 524 1852 orchestra
552 1810 729 1857 sederint,
759 1816 930 1862 spectare
958 1813 1102 1861 possint
1132 1812 1302 1851 omnium
1331 1813 1520 1863 ayentium
1557 1808 1709 1863 qestus‘'‘
1739 1811 1782 1851 in
1812 1823 1858 1851 eo

332 1891 482 1927 vereor,
512 1891 562 1919 ne
592 1890 674 1919 non
705 1878 798 1919 satis
828 1878 1040 1919 adverterit
1069 1879 1267 1926 animum,
1313 1884 1507 1931 quantum
1550 1878 1708 1919 intersit
1752 1879 1857 1919 inter

332 1949 573 1988 Graecorum
604 1947 956 2000 Romanorumque
987 1947 1210 1988 orchestrae
1240 1959 1371 1987 usum.
1422 1947 1519 1988 Nam
1551 1947 1655 1999 apud
1686 1947 1857 1988 Graecos

333 2029 423 2057 cum
453 2017 671 2064 orchestra,
717 2027 836 2069 quam
883 2015 1019 2056 decem
1058 2015 1116 2056 vel
1161 2014 1369 2055 duodecim
1413 2014 1533 2067 pedes
1578 2016 1694 2055 altam
1738 2016 1860 2056 fuisse

333 2086 425 2126 dicit
455 2085 665 2132 Vitruvius,
697 2085 743 2124 ad
776 2084 1055 2124 choreutarum
1088 2097 1205 2125 usum
1236 2083 1458 2125 scaenicum
1488 2084 1673 2124 tabulatis
1703 2089 1858 2124 sterne-

334 2159 457 2202 retur,
489 2165 571 2193 non
602 2153 914 2193 obliviscendum
946 2158 1026 2200 est,
1057 2152 1214 2192 dimidia
1244 2155 1328 2193 fere
1358 2158 1469 2206 parte
1500 2152 1745 2192 altitudinem
1777 2153 1860 2194 eius

334 2222 567 2262 diminutam
598 2234 685 2261 esse
715 2221 782 2270 sic,
815 2227 859 2261 ut
889 2221 1026 2261 eadem
1062 2222 1290 2261 orchestrae
1320 2226 1359 2261 et
1378 2220 1599 2274 proscaenii
1629 2221 1730 2261 ratio
1762 2231 1863 2260 con-

333 2296 464 2337 staret,
497 2304 598 2343 quae
630 2294 713 2330 erat
743 2289 784 2328 in
815 2290 1084 2330 Romanorum
1117 2291 1285 2330 theatro.

448 2356 549 2404 Quid
583 2354 702 2397 vero?
762 2358 1062 2409 Aeschylumne‚
1109 2357 1148 2397 id
1189 2358 1295 2410 quod
1327 2357 1500 2398 Crameri
1545 2356 1734 2396 anecdota
1779 2361 1862 2397 tra-

335 2423 492 2474 duntss),
538 2424 747 2466 verisimile
791 2431 850 2466 est
900 2425 1073 2478 primum
1122 2426 1339 2467 instituisse
1382 2425 1754 2479 proscaenium,
1802 2425 1863 2465 vel

431 2577 456 2617 ¹)
480 2576 502 2609 S
515 2580 563 2608 tu
576 2586 596 2609 a
609 2586 626 2608 r
639 2580 654 2608 t
679 2581 714 2608 et
736 2575 764 2608 R
778 2585 795 2608 e
810 2587 829 2609 v
844 2580 888 2608 et
901 2580 916 2608 t
941 2576 1150 2619 Antiquities
1175 2576 1212 2608 of
1234 2576 1311 2609 Ath.
1329 2575 1533 2608 Darmstadt.
1552 2574 1619 2608 vol.
1641 2573 1667 2607 ll
1685 2585 1715 2618 p.
1733 2574 1774 2607 18
1791 2585 1861 2618 sqq.

427 2632 452 2673 ²)
477 2632 500 2666 1.
527 2633 551 2665 1.
577 2633 647 2674 „Er
672 2633 764 2666 w'zire
791 2633 904 2665 seiner
920 2632 1029 2665 Lchre
1047 2643 1132 2675 ganz
1157 2632 1390 2674 uneingedenk
1407 2641 1574 2674 gewesen‚
1601 2642 1697 2664 wenu
1715 2642 1754 2665 er
1771 2632 1862 2665 diess

336 2690 587 2730 (altitudo)
623 2695 743 2732 gesagt
778 2690 888 2723 hatte:
926 2690 1011 2722 denn
1048 2700 1085 2723 er
1121 2691 1214 2724 hatte
1251 2691 1335 2722 kurz
1371 2699 1478 2722 zuvor
1514 2688 1569 2721 fiir
1606 2689 1665 2721 das
1697 2689 1863 2722 romische

337 2747 484 2779 Theater
509 2747 563 2780 die
590 2745 783 2780 Vorschrift
809 2747 962 2789 ertheilt,
999 2747 1053 2780 die
1078 2748 1190 2780 Biihne
1228 2746 1323 2780 diirfe
1361 2747 1454 2779 nicht
1486 2746 1579 2778 mehr
1604 2746 1654 2778 als
1683 2744 1759 2778 ffinf
1779 2745 1864 2778 Fuss

337 2805 420 2836 iiber
443 2804 497 2836 die
523 2804 707 2837 Orchestra
732 2804 851 2837 erhiiht
875 2805 960 2845 sein,
986 2804 1088 2837 damit
1112 2805 1165 2837 die
1191 2804 1285 2837 darin
1312 2804 1484 2836 sitzenden
1510 2802 1699 2835 Senatoren
1724 2802 1778 2836 die
1802 2802 1864 2834 Be-

338 2871 522 2902 wegungen
547 2861 634 2893 aller
659 2861 897 2903 Schauspieler
923 2862 1025 2894 schen
1052 2861 1235 2895 kiinnten.“

430 2918 458 2959 3)
483 2918 681 2951 Cramer
707 2918 878 2951 Anecd.
905 2918 1058 2951 Paris.
1086 2916 1123 2950 Τ.
1150 2917 1173 2950 1.
1201 2928 1228 2959 p.
1257 2917 1307 2949 19.
1334 2915 1374 2950 of.
1402 2928 1431 2959 p.
1458 2916 1550 2951 XIV.
