2014 3204
0 2907 2 2909 '
0 2758 21 2891 'fftnffsff'fl'
0 2728 7 2737 ”

726 262 734 266 ,
762 248 827 264 .--
886 225 968 265 219
1024 248 1080 255 -

170 339 439 402 *maroa
481 345 524 384 {n
554 343 684 384 medio
714 349 844 384 autem
865 355 982 383 versu
1013 337 1325 394 (ὕποκόλπιον,
1357 335 1686 392 λαυροστάται),

168 416 253 470 qni,
275 415 361 456 sive
390 427 461 468 per
488 415 579 464 iuga
607 414 689 454 sive
718 426 791 466 per
818 424 954 453 versus
983 412 1188 452 incedebat
1216 412 1372 458 chorus,
1403 410 1566 450 minime
1596 422 1686 462 spe-

132 502 139 509 ’
171 485 361 528 mutium
392 484 551 537 patebat
579 482 714 527 oculis,
744 474 919 521 vilissimi
949 482 1077 521 locum
1107 480 1305 520 habehant
1332 479 1555 520 choreutae.

283 554 412 606 Atque
441 565 529 593 cum
560 565 606 592 ex
637 551 837 592 choreutis
857 550 1032 603 Aeschyli
1062 561 1166 590 unus
1197 549 1425 589 nominetur
1453 549 1627 588 Telestes
1641 548 1685 597 ¹),

157 635 251 678 'quo
279 624 483 670 saltatore,
528 621 863 675 quemadmodum
894 632 989 660 suos
1019 619 1184 659 habebat
1213 617 1484 673 histriones²)‚
1530 628 1687 669 semper

171 705 262 735 eum
292 705 407 733 usum
439 705 524 732 esse
553 692 637 743 ipsa
667 689 782 730 verba
811 690 956 729 docent
975 685 1248 739 ὁΑἷσχύλου
1278 684 1488 741 ὀρχηστής
1517 699 1688 739 cumque

170 763 207 804 is
225 774 329 804 unus
348 761 528 802 omnium
550 760 764 801 eminuisse
785 759 937 799 dicatur
956 758 1183 798 imitationis
1205 757 1331 803 laude,
1362 757 1467 796 haud
1498 756 1687 796 dissimile

172 837 233 872 est
260 831 355 879 veri,
383 831 425 870 in
454 830 658 876 omnibus,
703 829 913 881 praecipue
942 827 1230 880 antiquioribus
1260 826 1487 878 tragoediis,
1532 830 1689 878 praeter

172 905 325 944 ceteros
353 900 530 940 mimicae
573 900 674 940 illius
704 898 920 939 saltationis
952 910 1075 938 unum
1105 897 1229 937 fuisse
1260 896 1546 948 peritissimum
1576 907 1688 947 cory-

171 970 354 1023 phaeum,
375 969 434 1009 vel
455 970 487 1009 si
506 968 746 1009 hemicboria
768 972 901 1007 essent
921 966 1021 1006 duos
1042 978 1178 1005 eorum
1201 965 1332 1010 duces,
1363 965 1536 1016 reliquos
1556 969 1688 1004 autem

171 1050 312 1080 omnes
343 1039 549 1078 choreutas
594 1044 745 1078 tantum
790 1036 984 1077 adiuvisse
1015 1047 1152 1075 eorum
1184 1039 1315 1074 motus
1345 1040 1463 1086 atque
1492 1040 1627 1086 gestus
1641 1033 1687 1080 ³).

172 1107 366 1148 Nimirum
397 1107 532 1147 eadem
563 1107 717 1146 videtur
745 1107 884 1146 harum
916 1106 1130 1157 figurarum
1175 1104 1297 1144 fuisse
1340 1102 1455 1150 ratio,
1501 1115 1601 1155 quae
1646 1102 1689 1142 in

170 1177 311 1218 tabulis
340 1176 456 1229 pictis
484 1182 601 1229 atque
630 1175 847 1216 simulacris
878 1174 1057 1214 obtinere
1087 1174 1207 1220 solet,
1250 1178 1295 1213 ut
1325 1185 1402 1212 una
1431 1184 1496 1211 res
1527 1170 1578 1211 sit
1607 1171 1690 1224 pri-

174 1245 307 1290 maria,
337 1245 385 1285 ad
415 1258 530 1297 quam
563 1245 799 1286 efferendam
830 1250 870 1284 et
890 1244 1107 1295 augendam
1129 1248 1285 1283 ceterae
1315 1254 1455 1282 omnes
1485 1253 1586 1293 quae
1618 1240 1688 1279 ad·
1743 1235 1751 1243 ”

174 1315 362 1355 iiciuntur
389 1315 614 1354 inserviant.

284 1383 394 1436 lpsos
423 1389 554 1424 autem
584 1383 836 1435 stropharum
872 1382 1286 1434 antistrophammque
1317 1386 1447 1420 motus
1477 1384 1688 1432 gestusque

174 1447 360 1507 (φυράς),
389 1453 531 1505 quibus
560 1453 635 1500 illa,
665 1465 763 1505 quae
782 1452 961 1497 diximus,
993 1450 1263 1490 efficiebantur
1277 1450 1486 1495 schemata,
1517 1461 1688 1489 consen-

172 1527 334 1562 taneum
364 1526 425 1561 est
451 1522 572 1562 fuisse
603 1522 650 1569 ei,
697 1521 801 1574 quod
830 1519 1053 1572 tragoediae
1082 1519 1286 1572 proprium
1318 1524 1427 1564 erat,
1473 1517 1689 1558 saltationis

174 1591 311 1643 generi
341 1591 668 1631 accommodatos.
718 1591 882 1630 Constat
911 1589 1017 1628 enim
1048 1589 1169 1629 trium
1201 1589 1354 1628 illorum
1387 1589 1591 1628 scaenicae
1611 1588 1690 1627 sal-

172 1660 332 1701 tationis
359 1672 549 1712 generum
564 1661 611 1708 4),
657 1673 757 1713 quae
786 1664 879 1699 sunt
909 1656 1133 1711 ἐμμέλεια,
1165 1659 1371 1706 σίκιννις,
1403 1655 1577 1710 κόρδαξ,
1605 1663 1688 1696 tra-

172 1730 298 1781 gicam
317 1729 575 1776 saltationem,
605 1718 840 1775 emmeliam,
870 1734 915 1768 ut
934 1728 1064 1779 ipsum
1087 1739 1234 1773 nomen
1254 1732 1425 1767 testatur
1436 1727 1479 1775 5),
1509 1725 1688 1766 omnium

177 1798 300 1838 fuisse
329 1798 497 1838 maxime
526 1810 696 1849 gravem,
729 1798 917 1844 sedatam,
948 1798 1145 1845 decoram,
1176 1798 1228 1837 ita
1250 1803 1306 1842 ut,
1337 1795 1514 1849 quamvis
1535 1807 1689 1835 summa

175 1872 291 1914 esset,
322 1879 439 1920 quam
463 1867 740 1919 exprimerent.
770 1866 889 1906 animi
910 1867 1167 1919 perturbatio,
1198 1866 1375 1919 quamvis
1406 1864 1573 1904 maxima
1603 1877 1689 1903 mo-

174 1941 286 1975 tuum
317 1936 511 1984 varietas,
555 1937 596 1975 in
640 1936 826 1976 omnibus
869 1939 1004 1976 tamen
1048 1937 1166 1976 decor
1206 1948 1364 1988 semper
1393 1938 1618 1974 servaretur
1646 1945 1691 1972 ac

176 2005 331 2045 modus.
761 2005 763 2007 ’

285 2075 419 2127 Neque
450 2087 540 2114 vero
571 2074 732 2114 dubium
765 2087 851 2114 esse
882 2079 1023 2127 potest,
1069 2074 1163 2126 quin
1207 2087 1286 2125 quo
1317 2072 1437 2124 magis
1468 2073 1690 2124 praevalere

177 2149 394 2196 coeperunt
423 2143 464 2183 in
496 2143 700 2195 tragoediis
730 2143 915 2189 diverbia,
945 2156 991 2182 eo
1023 2143 1145 2195 magis
1176 2143 1423 2183 minueretur
1452 2141 1562 2180 chori
1590 2141 1689 2181 actio

173 2212 419 2265 saltandique
462 2212 649 2260 imitatio,
692 2217 737 2252 ut
781 2225 869 2252 cum
913 2212 954 2251 in
999 2211 1271 2264 antiquissima
1312 2210 1534 2262 tragoediae
1563 2209 1690 2250 forma

207 2393 213 2398 ¹
267 2400 291 2442 ¹)
317 2401 466 2434 Athen.
493 2400 516 2434 1.
542 2401 596 2434 21.
621 2411 670 2443 sq.

267 2459 296 2501 ²)
320 2459 374 2491 De
399 2458 607 2502 Aeschyli
631 2467 674 2489 re
699 2458 900 2490 scaenica.
927 2457 1010 2490 Pars
1034 2456 1072 2490 Π.
1099 2469 1130 2501 p.
1155 2457 1229 2492 167.

264 2515 293 2558 ³)
317 2516 446 2549 Similis
470 2521 525 2549 est
549 2521 585 2548 ut
609 2515 745 2548 videtur
769 2515 904 2548 Deliaca
935 2515 996 2549 illa
1021 2516 1178 2558 saltatio,
1212 2526 1307 2559 quain
1332 2515 1501 2548 Luc-ianus
1525 2515 1690 2547 describit

181 2573 221 2608 de
245 2574 427 2608 saltatione
450 2586 477 2607 c.
506 2575 557 2611 16.

263 2630 295 2673 ⁴)
318 2631 486 2665 Lucian.
512 2632 557 2664 de
582 2632 824 2665 saltatione
849 2643 878 2664 c.
903 2631 956 2665 26.
981 2633 1109 2669 Δοκεΐς
1133 2631 1174 2664 δέ
1194 2643 1267 2676 μοι,
1300 2627 1390 2664 ὅταν
1411 2628 1609 2674 κωμῳδίαν
1630 2630 1692 2663 καὶ

177 2687 382 2736 τραγῳδίαν
403 2689 566 2735 ἐπαινῇς,
590 2688 837 2731 ἐπιλελῆσθαι,
861 2684 914 2722 ὅτι
938 2689 998 2722 καὶ
1020 2687 1059 2724 ἐν
1072 2688 1221 2735 ἑκατέρᾳ
1236 2687 1379 2722 ἐκείνων
1396 2681 1580 2732 ὀρχήσεως
1595 2685 1691 2720 ἴδιόν

175 2758 205 2779 τι
232 2740 328 2783 εἶδός
349 2745 459 2788 ἔστιν,
485 2741 563 2780 οἷον
585 2747 736 2793 τραγικῇ
761 2746 831 2791 μὲν
854 2743 873 2789 ἡ
898 2746 1078 2791 ἐμμέλεια,
1102 2745 1296 2791 κωμῳδικῇ
1320 2744 1360 2778 δὲ
1376 2743 1396 2778 ὁ
1412 2741 1554 2792 κόρδαξ,
1576 2744 1690 2779 ἐνίοτε

176 2803 213 2838 δὲ
236 2805 298 2836 καὶ
313 2806 430 2850 τρίτης
453 2804 645 2842 σικίννιδος
661 2805 1046 2851 προσλαμβανομένης.
1084 2803 1132 2837 Cf.
1150 2803 1405 2836 Sommcrbro
1417 2805 1476 2846 dt,
1501 2804 1541 2836 de
1557 2803 1689 2846 triplici

179 2861 453 2905 pantomimorum
477 2871 609 2902 genere.
657 2862 814 2903 Liegnitz
841 2862 935 2896 1843.
961 2873 990 2905 p.
1019 2861 1109 2894 XXI.
1136 2862 1306 2903 [Scaenica
1334 2872 1362 2903 p.
1388 2860 1453 2901 35.]

269 2917 295 2958 ⁵)
320 2917 444 2951 Plato
470 2918 555 2961 legg.
585 2919 652 2953 Vll.
677 2919 752 2953 814.
778 2920 815 2952 Ε.
842 2920 917 2952 816.
945 2920 978 2952 B.
