2014 3204
156 393 369 437 chon-eut.
405 405 440 432 a.
500 399 718 444 πρωτοστ.
751 388 840 441 ζυγ.
869 405 912 438 α,

20 525 47 543 ⁴³-

400 461 438 501 h.
500 467 730 512 πρωτοστ.
751 456 836 509 ζυγ.
867 459 911 510 β,

201 538 302 555 ff*
346 532 362 556 -’
399 541 432 569 c.
496 536 714 582 πρωτοστ.
747 524 834 577 ζυγ.
863 541 902 577 γ,

397 598 435 638 d.
494 605 711 650 πρωτοστ.
748 592 836 645 ζυγ.
866 593 910 643 ὅ,

404 678 438 705 e.
498 673 715 718 πρωτοστ.
750 660 837 713 ζυγ.
877 677 910 709 ε,

1147 485 1526 545 ἆριστεροστοίται.

1237 560 1320 608 (στ.
1351 560 1426 607 α.).

79 775 121 860 ³-.>.
183 805 369 846 Chol-eut.
398 804 419 844 f
434 816 459 856 g
477 803 534 843 h
522 817 536 843 1
556 803 581 842 k
611 797 949 856 δευτεροστάται
992 797 1079 850 ζυγ.
1111 814 1152 847 α,
1182 800 1223 852 β,
1253 814 1293 849 γ,
1324 797 1367 847 δ,
1400 813 1433 845 ε,
1463 795 1709 851 λαυροστά»

1386 881 1474 907 ται.
1512 865 1598 918 (στ.
1628 866 1707 918 β.).

717 987 742 1025 g
761 976 787 1014 h
808 975 834 1014 i.
865 968 1162 1014 ὖποκόλπιον.

141 1071 144 1074 ’
181 1068 369 1113 Choreut.
400 1069 467 1108 lm
486 1081 609 1120 nop.
639 1063 937 1121 τριτοστάται,
974 1062 1061 1115 ζυγ.
1083 1079 1129 1112 α,
1159 1065 1202 1116 β,
1232 1079 1271 1114 γ,
1302 1062 1342 1113 δ,
1365 1079 1397 1111 ε,
1419 1060 1710 1110 δεξιοστάται,

684 1132 966 1185 δεξιότοιχοι.
1026 1132 1109 1182 (στ.
1138 1132 1216 1184 y.)-

737 1294 769 1337 ξ.
796 1294 831 1327 2.
878 1293 926 1326 De
949 1292 1159 1337 Coryphaeo.

235 1437 251 1441 ss-
295 1412 465 1451 Ventum
498 1417 578 1460 est,
617 1410 729 1450 cuius
761 1422 877 1450 causa
911 1414 994 1449 tota
1026 1409 1125 1448 haec
1152 1409 1366 1461 praemissa
1397 1414 1458 1448 est
1486 1408 1711 1460 disputatio,

180 1478 229 1521 ad
260 1480 614 1531 coryphaeum,
645 1479 693 1519 de
723 1492 803 1531 quo
823 1479 928 1518 inter
947 1478 1051 1517 viros
1073 1478 1208 1517 doctos
1234 1488 1376 1528 magna
1398 1481 1457 1516 est
1478 1476 1711 1528 opinionum

82 1536 85 1537 ⁷
120 1541 131 1545 ⁰
186 1547 463 1600 discrepantia.
535 1548 664 1599 Atque
707 1546 933 1587 Liudnerus
976 1547 1018 1586 in
1062 1544 1398 1585 commentatione
1442 1544 1490 1583 de
1533 1544 1714 1596 Aeschyli

182 1615 304 1656 choro
336 1616 556 1668 conscripta
569 1616 600 1666 1)
633 1615 895 1667 coryphaeum
927 1614 1053 1654 fuisse
1081 1620 1194 1666 putat
1223 1614 1453 1654 choreutam
1481 1625 1516 1660 a,
1537 1612 1712 1652 Photii

130 1708 134 1712 »
178 1684 430 1737 potissimum
468 1684 555 1724 loco
592 1684 784 1723 adductus
822 1697 853 1723 s.
894 1697 927 1722 v.
966 1684 1147 1736 τρίτος
1192 1678 1507 1735 ἀριστεροῦ·
1540 1679 1588 1721 ἓν
1615 1686 1711 1728 τοῖς

177 1757 406 1806 τραγικοῖς
434 1757 583 1804 χοροῖς
612 1752 746 1804 τριῶν
776 1749 912 1792 ὄντων
941 1753 1131 1802 στοὶχων
1161 1751 1233 1791 καὶ
1265 1751 1396 1792 πέντε
1429 1748 1566 1800 ζυγῶν
1586 1745 1610 1790 ὁ
1630 1748 1712 1802 μὲν

179 1817 409 1874 ἀριστερὸς
445 1826 620 1871 στοῖχος
657 1817 682 1860 ὁ
720 1819 833 1873 πρὸς
872 1819 933 1874 τῷ
971 1817 1148 1873 θεάτρῳ
1186 1815 1251 1872 ἦν,
1289 1815 1314 1859 ὁ
1345 1817 1395 1859 δὲ
1425 1816 1570 1865 δεξιὸς
1599 1817 1711 1871 πρὸς

179 1888 252 1944 τᾷ
269 1890 537 1942 προσκηνίῳ.
568 1889 806 1940 Συνέβαι
825 1902 912 1928 νεν
942 1884 1061 1936 οὖν,
1082 1886 1177 1928 τὸν
1197 1888 1365 1940 μέσον
1384 1886 1478 1926 τοῦ
1499 1883 1710 1939 ἄριστε-

180 1955 278 2012 ροῦ
307 1958 530 2007 στοίχου
560 1956 654 2010 τὴν
684 1953 1040 2010 ἐντιμοτάτην
1069 1956 1158 1995 καὶ
1188 1955 1283 2010 τὴν
1312 1953 1432 1996 οἷον
1450 1955 1543 1995 τοῦ
1564 1968 1710 2007 πρω-

178 2021 451 2065 τοστάτου
480 2021 653 2077 χώραν
682 2021 918 2076 ἀπέχειν
948 2026 1039 2074 (ita
1071 2025 1192 2075 legit
1220 2037 1308 2076 pro
1339 2022 1585 2074 ἐπέχειν)
1618 2021 1710 2062 καὶ

181 2090 344 2135 στάσι
357 2106 404 2133 ν·
442 2093 698 2144 mediumque
734 2093 845 2133 illum
886 2095 945 2133 vel
982 2094 1143 2134 tertium
1176 2092 1324 2133 sinistri
1356 2104 1512 2135 versus,
1548 2103 1621 2143 pro
1653 2103 1710 2136 ea,

183 2173 301 2214 quam
333 2160 512 2213 protulit,
543 2161 801 2212 explicatione
821 2174 842 2200 a
864 2162 1081 2213 coryphaeo
1110 2161 1269 2200 differre
1291 2161 1465 2213 quidem,
1495 2160 1564 2199 sed
1586 2159 1710 2198 inter-

180 2230 276 2270 dum
306 2233 442 2269 tamen
470 2229 576 2269 illius
607 2230 712 2282 vices
745 2229 916 2280 gessisse
946 2230 1173 2271 arbitratur.
1233 2230 1437 2269 Kolsterus
1447 2226 1480 2278 2)
1510 2232 1555 2267 ut
1584 2228 1710 2267 Lind-

74 2301 85 2304 “
139 2350 143 2351 ⁷
181 2298 269 2338 neri
298 2297 536 2337 sententiam
568 2297 703 2337 falsam
734 2310 821 2337 esse
852 2297 955 2337 hene
985 2297 1140 2344 docuit,
1177 2297 1231 2337 ita
1262 2303 1302 2336 et
1331 2297 1416 2348 ipse
1447 2297 1709 2349 coryphaeum

180 2366 354 2420 primum
384 2378 524 2406 versus
554 2365 714 2414 sinistri,
746 2366 920 2406 medium
952 2378 1044 2406 vero
1076 2362 1267 2420 ἡγεμόνα
1294 2366 1416 2405 fuisse
1449 2366 1651 2406 contendit
1662 2364 1709 2413 ³).

274 2565 302 2607 ¹)
324 2564 360 2598 ln
383 2565 482 2598 Jahn.
529 2564 665 2597 Annall.
690 2565 804 2597 Schol.
830 2565 929 2598 1827.
954 2564 1048 2597 Tom.
1072 2564 1096 2598 Ι.
1124 2565 1189 2597 νοΙ.
1215 2564 1247 2596 3.
1271 2575 1302 2608 p.
1333 2565 1407 2598 101.

273 2621 300 2662 ²)
324 2621 372 2654 De
396 2621 552 2664 par-abasi
578 2632 607 2664 p.
637 2621 688 2653 17.

273 2678 301 2719 ³)
325 2679 470 2711 Servata
493 2676 638 2710 Personi
662 2679 809 2712 lectione
833 2676 978 2722 ἔπεχειν
1000 2683 1108 2712 totum
1134 2678 1231 2710 illum
1248 2678 1359 2711 locum
1376 2678 1425 2711 sie
1442 2678 1709 2720 intellegendum

183 2745 260 2768 esse
289 2744 431 2768 censeo:
464 2734 634 2778 „Factum
658 2738 723 2777 est,
752 2738 790 2768 ut
820 2734 954 2768 medius
977 2737 1116 2768 sinistri
1138 2746 1254 2768 versus
1276 2736 1654 2779 honorificentissimum
1678 2739 1710 2768 et

183 2794 284 2836 quasi
304 2789 565 2837 πρωτοστάτου
588 2791 696 2824 locum
721 2795 822 2836 atque
851 2794 1029 2825 stationem
1059 2792 1222 2826 tener-ew.
1272 2793 1383 2835 Atque
1408 2793 1493 2824 illud
1520 2787 1600 2826 οἷον
1623 2792 1709 2835 quod
1761 2801 1766 2804 ·

183 2859 280 2892 quem
304 2849 391 2882 male
414 2848 539 2882 habere
563 2854 688 2891 potest,
712 2859 751 2882 ea
776 2850 818 2882 de
842 2860 943 2882 causa
967 2850 1133 2882 adiectum
1159 2855 1252 2893 puto,
1269 2851 1353 2893 quod
1371 2846 1627 2894 πρωτοστάτης
1645 2860 1708 2881 non

183 2902 318 2947 vulgari
342 2905 378 2938 vi
402 2910 594 2948 usurpatur,
620 2906 678 2939 sed
696 2917 747 2947 ea,
771 2917 834 2949 quo
859 2907 1047 2947 significat:
1073 2917 1180 2948 „vere
1206 2907 1347 2950 primum
1372 2907 1428 2940 vel
1454 2906 1680 2949 principem.“
