2014 3204
178 845 253 895 DE
292 845 388 895 REI
431 843 725 895 SOAENIGAE
767 842 1095 893 PRIMORDIIS
1143 841 1262 892 SIVE
1306 841 1380 891 DE
1417 840 1688 891 PARTIBUS

514 927 751 977 THEATRI
786 925 1090 978 EARUMQUE
1128 925 1365 975 ORIGINE.

288 1168 409 1208 Tres
440 1173 554 1207 sunt
582 1167 740 1207 Attici
769 1167 953 1208 theatri
982 1166 1200 1220 partes¹)‚
1231 1165 1413 1218 primaria
1444 1178 1510 1213 ea,
1540 1165 1581 1205 in
1613 1178 1688 1218 qua

178 1238 282 1290 ipsae
311 1237 464 1277 tabulae
494 1237 541 1276 ab
572 1236 827 1276 histrionibus
857 1235 1082 1287 agebantur,
1121 1247 1319 1282 scaena,
1363 1236 1481 1275 altera
1513 1247 1636 1287 eaque
1668 1248 1690 1274 e

178 1306 339 1358 regione
370 1306 442 1346 sita
472 1306 636 1357 prioris,
679 1305 748 1345 ubi
791 1305 1047 1345 considebant
1089 1309 1341 1356 spectatores,
1386 1303 1490 1355 quod
1533 1303 1689 1356 proprie

177 1375 424 1416 nominatum
448 1380 507 1414 est
526 1375 796 1419 theatrum,
818 1374 919 1414 inter
940 1386 1035 1426 quas
1055 1374 1182 1413 media
1198 1373 1400 1413 interiacet
1416 1373 1686 1412 orchestra.

176 1445 348 1493 Quarum
379 1443 497 1483 trium
527 1443 698 1495 partium
728 1442 1011 1495 antiquissimis
1041 1442 1284 1495 temporibus
1315 1441 1414 1482 nihil
1443 1441 1583 1492 extitit,
1614 1441 1689 1480 nisi

175 1512 465 1558 orchestra,
502 1511 543 1551 in
573 1524 650 1564 qua
680 1511 778 1551 circa
809 1524 914 1551 aram
946 1509 1253 1563 (thymelen2)
1283 1510 1444 1563 Dionysi
1487 1510 1690 1550 duceban-

175 1587 239 1621 tur
268 1581 388 1629 chori,
417 1580 457 1620 in
478 1593 645 1633 quorum
676 1580 915 1621 carminibus
945 1581 993 1621 ad
1016 1581 1228 1633 Dionysum
1260 1580 1377 1620 deum
1408 1579 1687 1619 celebrandum

177 1650 344 1690 cantatis
372 1662 530 1689 omnem
560 1650 780 1701 tragoediae
826 1649 1126 1701 comoediaeque
1170 1653 1322 1688 constat
1363 1648 1493 1688 inesse
1537 1648 1685 1688 fontem

175 1723 290 1770 atque
320 1718 525 1770 originem.
584 1718 657 1765 Qui
687 1718 845 1770 quidem
875 1718 1084 1758 choreutae
1121 1717 1337 1770 antiquitus
1381 1729 1464 1757 non
1506 1722 1686 1769 poterant

175 1799 264 1826 esse
306 1786 472 1826 seiuncti
516 1800 537 1826 a
567 1787 865 1839 spectatoribuS‚
911 1787 1102 1839 siquidem
1147 1787 1268 1827 iidem
1313 1791 1351 1825 et
1396 1786 1604 1826 cantabant
1648 1791 1687 1825 et

175 1853 401 1906 spectabant
430 1853 756 1907 celebrabantque
794 1856 847 1896 ita
878 1856 1001 1896 Deum
1044 1856 1219 1896 omnium
1266 1867 1401 1895 eorum
1445 1855 1572 1903 turba,
1618 1855 1686 1907 qui

175 1934 283 1962 sacra
312 1921 451 1962 facturi
482 1929 750 1963 convenerant.
796 1924 976 1964 Maxim.
1009 1925 1113 1977 Tyr.
1147 1925 1350 1964 dissert.
1382 1924 1450 1963 21.
1480 1937 1563 1976 pag.
1588 1924 1683 1963 215.

175 1990 270 2031 Dan.
300 1990 431 2030 Heins.
483 1987 743 2045 Ἀθηναίοις
772 1989 819 2031 δὲ
848 1988 876 2046 ἡ
904 1986 981 2046 μὲνι
1011 1991 1183 2033 παλαιὰ
1228 1992 1372 2046 μοῦσα
1405 1991 1530 2046 χοροὶ
1574 2006 1685 2032 παι-

173 2057 261 2099 δῶν
304 2053 415 2099 οὖσα
443 2058 517 2098 καὶ
549 2056 730 2112 ἀνδρῶν,
761 2060 838 2115 γῆς
867 2058 1044 2115 ἐργάται
1089 2058 1201 2102 κατὰ
1244 2057 1408 2115 δήμους
1439 2057 1683 2114 ἱστάμενοι,

172 2124 272 2181 ἄρτι
317 2123 487 2181 ἀμητοῦ
530 2127 604 2167 καὶ
634 2124 793 2182 ἄροτοῦ
823 2131 1102 2183 κξκονιμένοι,
1133 2127 1307 2183 ᾄσματα
1336 2126 1514 2181 ᾅδοντες
1552 2127 1683 2171 αὖτο-

172 2194 339 2247 σχέδια.
388 2196 591 2237 Aristot.
622 2197 761 2237 Poet.
792 2210 826 2237 c.
856 2198 896 2237 4.
928 2200 1130 2253 γενομένη
1152 2196 1192 2239 δ’
1223 2189 1300 2239 οὖν
1329 2192 1415 2238 ἀπ’
1446 2195 1575 2253 ἀρχῆς
1604 2196 1683 2240 αὗ-

170 2263 500 2320 τοσχεδιαστική
521 2265 595 2305 καὶ
626 2263 732 2320 αὐτή
768 2268 993 2318 (tragoedia)
1025 2266 1099 2307 καὶ
1131 2264 1156 2322 ἦ
1187 2266 1410 2322 κωμῳδία,
1441 2267 1515 2307 καὶ
1546 2265 1571 2322 ἡ
1601 2266 1682 2322 μὲν

169 2328 261 2373 ἀπὸ
290 2334 376 2374 τῶν
405 2331 673 2388 ἓξαρχόντων
702 2333 778 2376 τὸν
798 2333 1097 2390 διθύραμβον,
1113 2330 1139 2390 ἦ
1157 2335 1206 2376 δὲ
1223 2333 1312 2377 ἆπό
1329 2336 1416 2377 τῶν
1446 2335 1680 2391 φαλλικῶν.

261 2485 283 2526 ¹)
308 2484 357 2518 Cf.
381 2485 631 2529 Aristoph.
656 2486 993 2530 Thesmophor.
1019 2487 1095 2522 391.

430 2543 503 2576 ποῦ
529 2542 560 2576 δ’
588 2539 670 2587 οὐχὶ
692 2541 902 2589 διαβέβληχ’,
928 2541 1096 2591 ὅπουπερ
1121 2544 1280 2591 ἔμβραχυ

432 2602 524 2634 εἰσὶν
546 2603 706 2634 θεαταὶ
728 2603 788 2634 καὶ
810 2602 1026 2648 τραγῳδοὶ
1048 2604 1110 2636 καὶ
1128 2604 1266 2650 χοροί
1287 2615 1317 2636 κ.
1342 2614 1371 2635 τ.
1395 2604 1424 2635 λ.

256 2658 283 2699 ²)
310 2658 580 2692 Euanthius
605 2660 656 2691 de
680 2665 822 2701 trago
839 2659 901 2692 cd.
927 2661 1269 2693 etcomoed.c.2.
1288 2658 1550 2692 Comoediasere
1568 2664 1677 2702 vetus,

169 2719 208 2747 ut
230 2715 300 2759 ipsa
325 2727 454 2760 quoque
479 2716 654 2758 tragoedia
665 2741 674 2758 ‚
710 2717 851 2760 simplex
886 2727 1017 2750 carmen
1042 2716 1118 2760 fuit,
1153 2719 1239 2761 quod
1264 2718 1385 2750 chorus
1410 2717 1502 2749 circa
1524 2727 1601 2749 aras
1625 2715 1676 2748 su-

169 2778 314 2815 mentes,
346 2786 431 2807 nuuc
455 2775 640 2818 spatiatus,
665 2786 751 2807 nune
777 2774 966 2807 consistens
993 2787 1077 2808 nune
1102 2776 1284 2808 revolvens
1308 2785 1413 2818 gyros
1437 2785 1509 2806 cum
1535 2774 1675 2806 tibicine

169 2831 373 2865 concinebat.
422 2831 471 2865 Cf.
496 2842 580 2875 quae
604 2833 726 2876 scripsi
751 2833 1008 2865 Jahrbiicher
1033 2832 1098 2866 fiir
1123 2833 1365 2873 Philologie
1390 2832 1466 2864 und
1484 2831 1676 2873 padago-

167 2887 247 2929 gik.
271 2889 338 2922 vol.
364 2889 416 2921 51.
442 2887 522 2922 fase.
548 2889 560 2922 1
586 2901 614 2933 p.
640 2891 682 2923 22
707 2901 775 2933 sqq.
803 2891 898 2923 1847.
923 2891 1093 2931 [Scaenica
1118 2902 1149 2934 p.
1174 2891 1240 2931 8³1]

1393 2946 1436 2980 3*
