2014 3204
875 265 1184 305 -134—

264 380 379 418 batur
424 387 458 419 et
505 380 624 419 aliam
661 383 834 432 picturae
877 382 1014 432 faciem
1059 383 1284 429 ostendebat,
1331 383 1526 424 ductilis
1569 392 1663 432 tum,
1707 399 1793 426 cum

262 450 443 488 tractis
485 448 732 488 tabulatis
775 449 848 489 huc
897 456 1008 502 atque
1057 450 1151 490 illuc
1195 453 1330 502 species
1371 454 1543 503 picturae
1586 453 1794 494 notabatur

263 519 431 556 utterior.
466 539 522 544 ——
557 516 676 556 Cuius
707 517 867 569 quidem
912 518 970 557 rei
1000 518 1106 557 haud
1150 518 1410 570 improbabile
1457 525 1517 559 est
1561 520 1793 573 Aeschylum

262 584 383 624 fuisse
399 590 619 633 auctorem,
642 599 759 638 quem
777 585 951 638 primum
966 586 1114 627 scimus
1133 599 1214 626 non
1231 588 1360 627 solum
1392 594 1500 628 recte
1517 589 1670 637 vidisse,
1700 590 1793 642 quid

261 652 303 691 in
335 653 544 704 proscenio
577 660 682 694 esset
717 654 925 706 agendum,
957 654 1050 706 quid
1082 659 1171 706 post
1200 667 1397 704 scaenam,
1443 657 1513 696 sed
1544 656 1662 697 etiam
1692 669 1794 710 quae

265 725 356 771 post
386 733 567 761 scaenam
600 725 699 762 facta
733 728 868 762 essent
899 723 1175 764 machinarum
1212 725 1460 776 quarundam
1506 738 1581 778 ope
1610 730 1793 778 spectan-

266 788 367 828 tium
398 789 521 829 oculis
552 789 835 842 patefecissel).

379 857 467 896 l'ari
497 863 627 898 autem
658 858 775 898 modo
806 858 925 899 etiam
962 859 1140 900 versili
1186 872 1367 901 scaena
1414 862 1687 914 (periactis)
1717 862 1794 902 Ae—

264 925 443 977 schylum
473 925 645 978 primum
677 939 794 966 usum
846 939 930 967 esse
976 935 1162 968 enarrant
1191 930 1398 970 Cramer.
1428 930 1528 970 Ane
1540 931 1604 970 cd.
1636 930 1791 971 Paris,

264 994 308 1033 Τ.
340 994 368 1032 Ι.
399 1007 435 1045 p.
474 995 535 1034 19.
586 994 643 1034 Et
672 994 753 1048 μὲν
783 993 837 1048 δὴ
869 993 1016 1037 πάντα
1044 1011 1111 1044 τις
1130 995 1349 1052 Αἰσχύλῳ
1371 995 1576 1050 βούλεται
1606 996 1662 1038 τὰ
1690 996 1794 1051 περὶ

262 1059 340 1115 τήν
371 1061 530 1116 σκηνὴν
560 1058 781 1117 εὑρήματα
812 1065 1093 1118 προσνέμειν,
1129 1063 1430 1119 ἕκκυκλήματα
1474 1065 1550 1105 καὶ
1592 1080 1694 1119 περ
1709 1081 1794 1106 ια-

264 1131 444 1178 κίους,
476 1130 550 1170 καὶ
572 1130 786 1185 μηχανὰς,
818 1130 1010 1186 ἕξώστρα
1039 1147 1086 1172 τε
1106 1132 1181 1172 καὶ
1212 1130 1520 1187 προσκήνια
1541 1132 1625 1185 ικαὶ
1647 1133 1795 1175 dnove—

263 1199 363 1248 γίας
392 1213 428 1238 κ.
459 1214 496 1239 τ.
527 1197 578 1248 λ.,
607 1201 676 1240 ubi
701 1203 781 1241 sine
813 1201 925 1241 dubio
968 1213 1047 1240 nou
1091 1209 1144 1242 est
1187 1201 1471 1252 corrigendum,
1515 1209 1559 1242 ut
1591 1201 1796 1243 Cramerus

263 1267 360 1315 vult,
406 1266 707 1320 περικυκλους,
751 1270 817 1310 sed
856 1269 1055 1322 leqeudum
1098 1263 1438 1323 περιάκτους
1481 1277 1516 1310 et
1553 1270 1673 1322 paulo
1711 1276 1796 1323 post

265 1334 620 1390 παρασκήνια
648 1349 717 1390 pro
749 1334 1010 1392 προσκήνια.

377 1405 503 1444 Erant
532 1410 662 1445 autem
694 1406 916 1458 periacti
945 1406 1153 1446 machinae
1175 1406 1369 1458 quaedam
1390 1406 1579 1459 trigonae,
1610 1407 1652 1447 in
1682 1413 1795 1447 utro-

267 1485 344 1524 que
388 1486 553 1514 scaenae
598 1475 720 1515 latere
764 1474 927 1527 positae,
974 1474 1022 1515 ab
1069 1475 1272 1515 orchestra
1315 1475 1429 1527 paulo
1474 1475 1619 1515 minori
1668 1476 1794 1529 spatio

266 1540 476 1588 distantes,
506 1554 626 1593 quam
657 1554 797 1583 scaena
829 1543 998 1591 ductilis,
1030 1556 1178 1595 eaeque
1199 1543 1514 1595 peripetasmatis
1545 1548 1723 1595 ornatae,
1754 1544 1795 1584 in

267 1607 409 1659 quibus
442 1609 594 1662 depicta
616 1611 927 1663 conspiciebatur
962 1611 1172 1663 primariae
1202 1611 1315 1659 illius,
1348 1624 1463 1663 quam
1501 1612 1619 1652 modo
1650 1612 1797 1653 descri-

270 1676 437 1728 psimus,
468 1689 630 1718 scaenae
661 1678 813 1728 vicinia,
860 1685 899 1720 et
943 1681 986 1720 in
1031 1681 1167 1720 dextra
1198 1679 1356 1732 quidem
1402 1693 1458 1728 ea,
1491 1693 1589 1733 quae
1633 1681 1796 1734 propius

269 1745 444 1792 aberant,
475 1745 517 1785 in
546 1746 718 1798 sinistra,
751 1760 853 1800 quae
883 1753 997 1788 erant
1025 1748 1253 1788 remotiora.
1304 1748 1421 1788 Poll.
1455 1748 1705 1790 Onomast.
1737 1751 1795 1790 IV.

274 1812 367 1852 126.
389 1811 499 1867 παρ’
522 1810 705 1868 ἑκάτερα
726 1812 775 1856 δὲ
794 1815 879 1857 τῶν
899 1813 979 1856 δύο
1001 1815 1155 1869 θυρῶν
1173 1815 1260 1857 τῶν
1282 1815 1384 1869 περὶ
1413 1815 1491 1870 τὴν
1511 1818 1648 1871 μέσην
1669 1814 1799 1858 ἄλλαι

267 1874 347 1920 δύο
378 1881 467 1921 εἶεν
496 1878 566 1931 ἄν,
598 1884 680 1936 μία
701 1881 975 1938 ἑκατέρωθεν
1015 1885 1256 1934 (Buttmann.
1290 1882 1369 1925 δῦο
1400 1884 1488 1925 εἶεν
1518 1882 1572 1926 ἂν
1591 1885 1799 1939 μηχαναὶ,

269 1947 351 2001 μία
382 1946 682 2003 ἑκατέρωθεν),
713 1950 825 2006 πρὸς
855 1949 906 2000 ἃς
937 1950 985 1992 αἳ
1015 1954 1246 2006 περίακτοι
1268 1949 1630 2006 συμπεπήγασιν,
1661 1948 1690 2008 ἤ
1721 1952 1802 2007 μὲν

271 2004 397 2064 δεξιὰ
426 2015 481 2057 τὰ
511 2016 595 2065 ἔξω
617 2016 788 2067 πόλεως
819 2019 1030 2074 δηλοῦσα,
1062 2017 1088 2075 ἡ
1120 2017 1162 2060 δ’
1194 2018 1318 2074 ἑτέρα
1338 2019 1394 2060 τὰ
1423 2019 1469 2061 ἐκ
1499 2019 1683 2068 πόλεως,
1714 2015 1801 2074 μοί-

269 2084 399 2125 λιστα
435 2084 490 2125 τὰ
519 2084 566 2126 ἐκ
596 2086 784 2141 λιμένος.
843 2089 987 2129 Dextra
1017 2094 1149 2129 autem
1182 2093 1221 2127 et
1250 2087 1407 2127 sinistra
1450 2087 1492 2127 in
1532 2100 1576 2127 re
1620 2088 1799 2129 scaenica

271 2167 314 2194 ea
351 2155 549 2203 dicuntur,
573 2168 673 2208 quae
694 2158 981 2209 spectatoribus
1018 2158 1065 2198 ad
1096 2157 1272 2197 dextram
1294 2162 1390 2196 sunt
1412 2162 1450 2196 et
1471 2156 1532 2198 ad.
1550 2156 1799 2206 sinistram2).

268 2224 388 2263 Poll.
421 2223 668 2265 Onomast.
701 2225 762 2265 lv,
797 2226 891 2266 131.
923 2219 1239 2279 καταβλήματα
1261 2223 1311 2265 δὲ
1338 2219 1581 2279 υφάσματα
1610 2222 1636 2278 ἢ
1666 2226 1800 2267 πίνα-

270 2305 339 2339 κες
369 2286 499 2344 ἦσαν,
546 2290 715 2342 ἔχοντες
745 2293 919 2348 γραφὰς
948 2294 999 2349 τῇ
1036 2295 1162 2347 χρείᾳ
1190 2294 1276 2335 τῶν
1317 2290 1552 2347 δραμάτων
1596 2291 1801 2347 προσφό-

272 2372 393 2413 ρους·
427 2358 717 2413 κατεβάλλετο
753 2361 803 2402 δὲ
832 2361 910 2402 ἐπὶ
940 2358 1020 2409 τὰς
1050 2360 1328 2416 περιάκτους,
1376 2355 1476 2415 ὄρος
1507 2359 1728 2409 δείνυντα,
1773 2358 1799 2414 ἢ

271 2423 518 2477 θάλατταν,
551 2426 577 2482 ἢ
608 2429 826 2483 ποταμὸν,
858 2428 884 2484 ἢ
930 2428 1037 2472 ἄλλο
1083 2447 1126 2471 τι
1171 2430 1384 2471 τοιοῦτον.
1443 2430 1551 2477 Quae
1596 2429 1798 2469 machinae

272 2509 362 2536 cum
395 2502 528 2537 essent
557 2497 829 2550 triangulares,
876 2510 985 2539 nunc
1032 2499 1149 2539 etiam
1178 2498 1348 2545 retineo,
1385 2498 1490 2550 quod
1522 2496 1615 2538 olim
1647 2502 1798 2537 statue-

272 2564 411 2617 ram3),
444 2566 517 2605 tria
547 2565 608 2607 illa
638 2566 760 2607 latera
793 2567 1077 2620 antiquissimis
1107 2566 1355 2619 temporibus
1394 2565 1647 2606 accomodata
1676 2565 1799 2606 fuisse

367 2748 657 2789 ¹)Phi10str.
693 2749 785 2783 vit.
826 2750 1042 2793 Sophist.
1081 2750 1104 2783 Ι.
1147 2751 1247 2784 9.1.
1286 2761 1318 2793 p.
1351 2751 1429 2783 492.
1466 2750 1579 2783 Olear.
1605 2751 1800 2784 Cramer

278 2806 448 2838 Anecd.
474 2804 628 2838 Paris,
654 2805 678 2838 I.
705 2817 733 2848 p.
762 2807 814 2840 19.
841 2805 889 2840 Cf.
915 2818 945 2850 1).
970 2806 1063 2842 XIV.

365 2862 391 2900 ²)
417 2862 465 2895 Cf.
493 2862 520 2896 G
536 2864 599 2895 od.
626 2863 793 2896 Herma
809 2875 827 2895 u
843 2875 884 2905 n.‚
910 2865 950 2896 de
976 2875 1013 2897 re
1039 2867 1173 2899 scenica
1198 2865 1231 2898 in
1263 2864 1429 2909 Aeschyli
1460 2865 1605 2898 Orestea
1630 2864 1717 2908 p.'5.

367 2917 395 2960 ³)
420 2919 589 2952 Rerum
615 2921 958 2953 scaenicarum
985 2923 1151 2965 capita
1178 2922 1387 2955 selecta.
1414 2933 1443 2964 p.
1471 2921 1525 2954 35.
1576 2921 1678 2962 [Edit.
1703 2921 1738 2963 1.]
