2014 3204
926 202 1237 243 —182-

319 323 690 378 paraehoregemate
719 320 902 367 tulimus,
942 319 1192 360 sententiam.
1251 319 1322 359 Est
1361 320 1467 360 enim
1498 318 1847 376 παραχορήγημα

321 391 562 445 quidquid
583 394 763 442 sponte
785 402 806 428 a
829 388 1043 440 chorego
1065 394 1269 441 praeter
1287 389 1442 440 legem
1466 390 1688 429 offertur.
1721 389 1845 430 Areo·

321 460 474 514 pagitae
494 463 650 512 praeter
671 457 837 497 chorum
861 462 1035 497 extrema
1057 457 1323 498 Eumenidum
1347 463 1460 511 parte
1479 458 1521 498 in
1543 470 1721 499 scaenam
1752 470 1846 511 pro-

321 527 444 566 deunt
465 523 636 565 solemni
655 526 862 566 Furiarum
885 526 1111 566 deductioni
1132 529 1235 567 faces
1256 527 1541 579 praeferentes.
1583 526 1720 579 Itaque
1739 531 1847 567 recte

319 595 374 635 illi
404 595 663 635 nominantur
694 592 1055 650 παραχορήγημα.

434 664 482 703 Et
513 665 610 704 haec
640 664 799 716 quidem
831 664 1034 704 hactenus.
1095 664 1460 705 Demonstravimus
1491 668 1647 716 autem,
1678 669 1847 705 terno-

319 745 424 773 rum
456 737 679 773 actorum
712 746 853 774 usum
886 732 942 773 ab
974 733 1216 786 Aeschylo
1246 739 1508 787 receptum
1537 733 1701 773 fuisse
1730 733 1849 773 inde

321 803 374 844 ab
407 802 472 843 Ol.
506 801 573 850 78,
609 802 644 850 1,
675 815 763 842 cum
796 803 954 855 Septem
987 807 1124 842 contra
1152 801 1318 850 Thebas,
1351 815 1450 855 quos
1482 807 1590 842 certo
1620 801 1848 842 testimonio

321 874 468 914 scimus
502 872 560 913 Ol.
594 871 664 920 78,
711 872 729 910 1
765 884 849 911 esse
880 871 1036 920 doctos,
1069 876 1148 911 tres
1178 871 1347 911 habeant
1378 876 1542 910 actores.
1604 869 1849 923 Comproba-

320 943 470 990 vimus‚
516 942 694 981 Persas
744 944 789 980 et
829 940 1114 993 Supplices,
1161 952 1250 980 cum
1299 939 1382 980 bini
1428 939 1470 979 in
1510 940 1558 980 iis
1596 939 1849 980 inveniantur

321 1016 491 1059 actores,
539 1022 636 1050 non
683 1010 873 1049 delatas
919 1022 1023 1049 esse
1067 1009 1116 1048 in
1162 1021 1393 1049 scaenam
1435 1015 1550 1050 ante
1588 1009 1657 1049 Ol.
1696 1009 1771 1057 77,
1809 1009 1847 1048 4.

319 1081 592 1123 persuasimus
624 1078 737 1118 nohis
767 1101 822 1106 -—
853 1078 991 1118 vellem
1024 1077 1139 1117 etiam
1172 1076 1276 1117 aliis!
1308 1103 1362 1108 --
1385 1078 1733 1118 Prometheum
1764 1087 1849 1117 non

323 1150 454 1190 minus
485 1161 601 1202 quam
631 1146 884 1194 Eumenides,
917 1158 1007 1185 cum
1038 1150 1121 1186 tres
1151 1146 1192 1186 in
1224 1160 1271 1186 eo
1303 1151 1455 1187 actores
1485 1147 1755 1195 adhibeantur,
1786 1146 1849 1186 ul·-

321 1219 429 1259 timis
451 1217 591 1257 aetatis
623 1216 751 1267 annis,
784 1220 891 1255 certe
921 1226 1020 1255 non
1049 1220 1165 1255 ante
1197 1214 1263 1255 Ol.
1287 1215 1339 1255 78
1372 1228 1479 1255 esse
1510 1216 1722 1256 doctum.
1781 1215 1849 1256 In-

321 1287 505 1327 venimus
537 1285 719 1337 denique,
750 1285 801 1324 in
831 1283 1227 1331 Eumenidibus‚
1260 1296 1377 1336 quam
1407 1284 1600 1336 trilogiam
1631 1289 1850 1325 extremam

320 1356 444 1397 fuisse
475 1354 709 1407 iampridem
749 1357 916 1402 constat,
949 1353 1118 1405 quarti
1157 1351 1351 1393 actoris
1382 1364 1483 1393 non
1523 1358 1724 1394 exstare
1760 1367 1849 1407 pa-

321 1425 703 1476 rachoregema‚
733 1422 901 1474 denique
931 1421 982 1460 in
1015 1422 1243 1462 omnibus
1275 1421 1473 1462 omnino
1504 1421 1743 1475 Aeschyli
1772 1422 1847 1463 fa-

321 1494 474 1541 bulis,
518 1493 566 1532 in
612 1490 794 1544 quibus
839 1491 971 1531 terni
1010 1491 1114 1531 sint
1155 1496 1373 1539 actores,
1410 1503 1668 1544 perrarum
1707 1491 1849 1533 tertii

323 1562 514 1605 actoris
548 1574 659 1601 esse
690 1572 842 1600 usum.

437 1630 645 1680 Quomodo
691 1641 782 1669 vero
828 1629 932 1669 inter
968 1628 1143 1680 singulos
1180 1628 1394 1669 histriones
1435 1629 1664 1671 distributae
1702 1629 1853 1671 fuerint

322 1702 497 1754 singulae
527 1706 673 1753 parteS,
704 1710 992 1750 supervacuum
1023 1697 1176 1738 videtur
1205 1697 1457 1750 investigare,
1498 1699 1558 1739 vel
1597 1699 1702 1751 quod
1733 1711 1851 1739 accu-

322 1771 519 1813 ratissime
551 1769 592 1808 in
622 1768 725 1807 hanc
754 1779 839 1807 rem
871 1765 1074 1819 inquisivit
1105 1766 1145 1806 C.
1177 1767 1219 1806 F.
1252 1767 1526 1814 Hermannus,
1566 1768 1626 1808 vel
1666 1767 1773 1820 quod
1809 1767 1852 1808 in

323 1841 399 1881 hoc
438 1837 631 1879 latissimo
672 1836 783 1888 quasi
822 1835 1139 1876 coniecturarum
1180 1848 1319 1888 eampo
1354 1848 1550 1888 perpauca
1588 1841 1756 1888 possunt
1784 1837 1852 1876 fir-

324 1908 435 1951 mari.
503 1904 689 1955 Quamvis
732 1904 838 1945 enim
875 1904 1072 1945 arrideant
1109 1905 1331 1957 permultae
1368 1905 1409 1944 C.
1440 1904 1480 1944 F.
1515 1904 1731 1945 Hermanni
1768 1905 1855 1958 opi-

324 1977 518 2024 nationes,
549 1979 705 2015 restant
745 1979 880 2014 tamen
910 1986 993 2014 non
1024 1985 1166 2026 pauca,
1207 1974 1250 2014 in
1279 1973 1422 2025 quibus
1454 1978 1522 2014 aut
1552 1973 1626 2013 sibi
1656 1973 1742 2026 ipse
1772 1974 1855 2014 dis-

322 2046 488 2099 pliceat,
526 2047 595 2083 aut
633 2042 716 2083 aliis
752 2053 836 2081 non
867 2041 961 2081 satis
991 2040 1116 2094 possit
1147 2041 1313 2094 placere.
1373 2041 1508 2094 Itaque
1539 2041 1667 2082 missis
1697 2042 1759 2082 his
1787 2054 1854 2082 re-

323 2113 419 2162 bus,
459 2113 499 2152 in
540 2111 683 2164 quibus
722 2110 780 2150 vel
817 2109 1113 2161 sagacissimum
1150 2109 1354 2162 ingenium
1394 2121 1524 2149 errare
1565 2121 1726 2150 necesse
1764 2110 1853 2157 fuit,

325 2196 369 2223 ea
407 2186 561 2222 tantum
601 2179 909 2225 constituamus,
950 2191 1048 2231 quae
1087 2178 1208 2218 totius
1245 2178 1363 2218 huius
1405 2177 1562 2230 generis
1602 2178 1699 2219 satis
1736 2183 1853 2227 certa,

325 2250 468 2304 quibus
499 2249 573 2289 niti
604 2248 824 2302 possimus,
860 2248 1068 2287 videantur
1098 2260 1184 2287 esse
1215 2247 1486 2287 fundamenta.
1546 2249 1703 2289 Etenim
1739 2261 1854 2302 pro-

324 2317 603 2371 tagonistis
652 2329 751 2357 non
799 2322 895 2357 tam
944 2315 1279 2367 longissimae
1329 2329 1470 2369 quam
1520 2317 1853 2370 gravissimae

323 2393 499 2440 partes
545 2391 668 2426 sunt
711 2385 1027 2433 commissae,
1072 2385 1256 2437 quibus
1302 2385 1627 2426 sustinendis
1671 2398 1853 2427 summa

327 2469 452 2509 opus
490 2459 604 2495 erat
643 2460 774 2502 arte,
815 2466 1050 2506 earumque,
1084 2466 1104 2493 a
1136 2453 1279 2507 quibus
1310 2466 1460 2494 nomen
1491 2454 1716 2506 tragoediae
1744 2454 1856 2496 inve-

328 2532 498 2570 nerunt,
538 2524 654 2564 modo
698 2523 810 2573 tales,
850 2535 950 2575 quae
989 2522 1148 2563 eaedem
1185 2527 1319 2563 essent
1357 2522 1501 2563 summi
1530 2522 1572 2562 in
1601 2522 1730 2564 fabula
1761 2535 1851 2565 mo-

327 2594 475 2642 menti3
512 2593 952 2646 deuteragonistis
984 2603 1177 2641 eorum,
1218 2591 1440 2644 quicum
1470 2592 1856 2644 protagonista-

325 2675 426 2703 rum
459 2663 664 2702 maxime
702 2667 867 2703 essent
905 2661 1167 2702 coniuncti
1197 2661 1282 2709 ita,
1326 2664 1377 2700 ut
1415 2659 1520 2700 sive
1556 2659 1856 2702 adiuvantes

326 2731 429 2771 sive
468 2732 782 2772 adversantes
834 2732 1056 2772 moribus
1104 2730 1354 2782 factisque
1401 2729 1507 2769 suis
1553 2730 1857 2783 protagoni-

326 2804 516 2839 starum
562 2806 661 2840 tum
707 2813 871 2841 mores
926 2806 1027 2840 tum
1074 2799 1205 2839 facta
1255 2798 1586 2839 illustrarent
1635 2799 1858 2856 clariusque

328 2869 590 2920 spectantium
636 2869 758 2910 oculis
802 2873 1092 2922 proponerent3
1138 2867 1491 2919 tritagonistis
1537 2878 1726 2916 eorum,
1772 2867 1857 2920 qui
