2014 3204
916 180 1224 219 —114-

309 297 555 340 canerentur,
588 294 638 333 ita
669 294 783 346 plane
813 294 1042 346 ignorarunt
1085 295 1161 335 tale
1191 296 1410 337 fabularum
1454 310 1588 350 genus,
1634 301 1735 352 quod
1781 301 1823 342 in

310 362 437 401 solum
467 362 680 414 legentium
701 375 815 403 usum
838 363 1101 416 conscriptum
1133 378 1153 405 a
1184 378 1321 406 scaena
1350 367 1484 420 procul
1515 367 1678 409 abesset.
1738 370 1822 418 Quo

309 431 363 477 fit,
396 437 439 470 ut
469 443 596 484 neque
627 432 787 472 melicae
818 433 946 485 poesis
976 433 1162 487 reliquiae
1192 435 1276 475 sine
1307 436 1472 488 eleganti
1517 436 1686 477 musicae
1729 438 1822 479 doc-

313 499 429 547 trina,
462 512 590 552 neque
622 501 888 542 scaenicorum
922 507 1125 554 poetarum
1156 504 1306 545 fabulae
1337 505 1494 557 penitus
1524 506 1678 557 possint
1706 506 1824 548 intel-

310 568 399 620 legi,
429 568 504 608 nisi
535 570 582 609 ad
621 571 784 610 eandem
815 571 917 611 illam
950 570 1122 610 musicae
1153 571 1416 622 cognitionem
1447 572 1667 615 adiunxeris
1711 589 1824 617 accu-

306 641 428 676 ratam
451 637 507 677 rei
523 639 724 680 scaenicae
755 640 970 680 scientiam.
1021 639 1116 679 Nam
1149 644 1191 679 ut
1222 640 1327 692 epica
1358 641 1485 693 poesis
1515 642 1593 682 sola
1626 643 1748 684 utitur
1775 645 1822 690 ad

307 704 539 746 imitandum
572 709 800 748 oratione
831 707 991 759 (λέξις),
1037 708 1173 749 melica
1218 709 1346 762 poesis
1391 717 1593 763 praeter
1628 702 1824 754 oratioss

306 785 414 814 nem
446 776 632 817 musica
664 775 949 830 (μελοποιΐα),
981 777 1032 816 ita
1064 777 1370 819 dramaticae
1417 781 1601 832 poesis,
1646 795 1735 823 cum
1781 796 1822 823 ea

307 855 387 884 non
420 845 546 884 solum
579 845 653 897 legi
684 852 800 898 atque
832 846 967 892 audiri,
1016 846 1084 886 sed
1116 846 1232 886 etiam
1278 849 1445 900 spectari
1489 863 1530 889 se
1573 850 1675 900 velit,
1722 857 1822 892 tres

307 919 422 953 sunt
470 915 781 955 necessariae
831 915 1140 955 imitationis
1196 922 1391 968 partes,
1450 913 1613 959 oratio
1663 918 1822 973 (λέξις),

306 983 493 1023 musica
526 982 813 1037 (μελοποιῒα),
844 985 1129 1036 spectaculi
1174 985 1442 1027 adornatio
1477 984 1518 1034 (ὁ
1562 987 1635 1042 τῆς
1675 985 1822 1044 ὄψεως

306 1046 480 1104 κόσμος,
513 1049 657 1106 ὄψις).
717 1053 851 1106 Neque
882 1068 974 1094 vero
1020 1054 1102 1094 sola
1132 1054 1349 1096 Aristotelis
1395 1056 1561 1097 nitimur
1606 1057 1821 1110 disciplina,

306 1120 373 1159 sed
407 1121 511 1172 quod
542 1122 769 1162 Aristoteles
802 1123 947 1169 docuit,
991 1123 1030 1162 id
1068 1125 1242 1176 exemplo
1274 1138 1344 1164 suo
1375 1111 1682 1167 luculentissime
1713 1141 1820 1167 com-

305 1188 482 1240 probavit
501 1190 725 1243 Aeschylus,
757 1192 822 1244 qui
844 1205 998 1232 summa
1019 1192 1208 1232 industria
1240 1192 1278 1231 in
1301 1193 1408 1233 omni
1437 1206 1479 1233 re
1500 1193 1677 1234 scaenica
1707 1194 1821 1233 ador-

306 1259 435 1298 nanda
466 1266 640 1300 versatus
672 1273 772 1308 esse,
822 1266 978 1301 etcum
1010 1260 1117 1310 alios,
1163 1267 1207 1301 ut
1250 1274 1292 1301 se
1338 1261 1575 1312 adiuvarent,
1621 1262 1822 1311 excitasse,

306 1331 388 1366 tum
421 1340 511 1367 vero
542 1328 625 1381 ipse
655 1330 930 1383 plerarumque
960 1321 1107 1379 rerum,
1149 1343 1247 1383 quae
1277 1331 1323 1370 ad
1354 1331 1555 1383 pulchram
1604 1329 1821 1371 fabularum

305 1396 500 1437 actionem
531 1398 786 1450 pertinerent,
816 1399 989 1439 extitisse
1020 1399 1159 1440 dicitur
1189 1405 1337 1440 auctor.

420 1467 528 1514 Quae
561 1467 594 1507 si
624 1473 731 1508 recte
764 1468 970 1520 disputavi,
1003 1480 1081 1508 non
1111 1469 1188 1508 iam
1220 1469 1399 1521 ineptum
1430 1474 1468 1509 et
1503 1469 1653 1517 inutile,
1698 1469 1822 1510 immo

308 1548 400 1575 vero
433 1537 700 1576 necessarium
733 1537 927 1577 videbitur
966 1538 1180 1590 explorare,
1226 1551 1323 1590 quae
1367 1539 1483 1578 fuerit
1527 1539 1628 1592 apud
1674 1543 1823 1579 veteres

306 1610 440 1657 poetas
463 1606 663 1646 scaenicos
684 1607 994 1659 spectaculorum
1019 1607 1231 1655 exornatio,
1263 1619 1393 1660 neque
1414 1613 1458 1647 ut
1488 1607 1671 1656 minutas,
1702 1620 1824 1660 eoque

306 1674 372 1726 qui
403 1674 581 1726 genium,
614 1681 657 1715 ut
687 1676 751 1715 isti
784 1676 932 1723 dicunt,
964 1676 1206 1729 antiquitatis
1227 1676 1475 1729 interpretari
1506 1676 1608 1723 velit,
1642 1676 1821 1728 indignas

305 1742 488 1783 ridebunt
517 1745 613 1785 tales
643 1745 950 1797 disquisitiones,
981 1746 1056 1786 nisi
1085 1746 1123 1794 ii,
1155 1746 1220 1799 qui
1264 1745 1398 1785 malint
1443 1746 1604 1786 omnino
1648 1758 1711 1785 res
1756 1751 1823 1787 aut

304 1811 448 1861 ridere,
481 1819 548 1853 aut
578 1813 792 1866 deplorare,
825 1828 941 1867 quam
972 1816 1205 1866 intellegere.

417 1884 546 1935 Atque
602 1896 690 1923 cuin
752 1896 912 1924 omnem
963 1884 1201 1924 Graecorum
1259 1883 1316 1923 rei
1372 1883 1571 1924 scaenicae
1620 1882 1820 1923 historiam

305 1962 488 1991 enarrare
533 1965 615 1991 non
660 1953 783 2004 possit
810 1966 897 1993 esse
928 1954 1041 1994 huius
1071 1953 1168 2002 loci,
1201 1953 1345 2006 quippe
1390 1953 1457 2006 qui
1499 1953 1616 1992 certis
1661 1952 1823 2005 quibus-

304 2020 391 2059 dam
423 2020 567 2061 finibus
597 2022 648 2061 sit
678 2022 1009 2075 circumscriptus,
1055 2025 1226 2075 praestat
1268 2023 1311 2062 in
1340 2021 1515 2074 Aeschyli
1558 2021 1822 2074 potissimum,

305 2088 371 2140 qui
401 2089 552 2140 primus
583 2096 688 2131 recte
718 2091 945 2131 nominatur
974 2095 1088 2144 poeta
1122 2091 1354 2132 dramaticus
1400 2096 1564 2131 aetatem
1610 2090 1810 2144 inquirere

307 2162 346 2195 et
376 2157 409 2196 si
440 2158 524 2198 fieri
554 2159 692 2211 possit,
725 2165 832 2200 certo
863 2160 1115 2209 constituere,
1147 2173 1245 2212 quae
1280 2165 1364 2200 tum
1395 2160 1514 2200 fuerit
1543 2159 1685 2200 theatri
1715 2172 1821 2200 scae-

305 2237 454 2279 naeque
485 2228 673 2275 condicio,
705 2229 799 2281 quid
829 2228 876 2268 ab
907 2242 952 2269 eo
985 2229 1045 2269 vel
1075 2234 1290 2281 acceptum,
1322 2229 1380 2269 vel
1411 2234 1617 2276 mutatum,
1657 2229 1718 2268 vel
1756 2241 1820 2268 re-

305 2307 396 2334 cens
439 2296 644 2336 inventum
691 2298 1028 2350 excogitatumque
1074 2299 1125 2338 sit
1155 2299 1200 2338 ad
1233 2291 1448 2351 augendam
1480 2298 1698 2338 fabularum
1743 2311 1818 2350 pu—

305 2363 402 2404 blice
452 2366 689 2416 agendarum
740 2367 909 2419 speciem
960 2374 1076 2420 atque
1126 2367 1468 2420 pulchritudinem.
1533 2368 1615 2415 Qua
1665 2366 1821 2419 quidem

305 2433 535 2484 quaestione
579 2440 664 2474 tum
711 2436 757 2475 ad
803 2436 977 2488 Aeschyli
1023 2437 1224 2489 ingenium
1271 2438 1385 2477 latius
1431 2436 1738 2489 patefaciendum
1785 2440 1823 2475 et

304 2501 578 2543 illustrandum
610 2504 789 2544 nonnihil
820 2506 1041 2557 profectum
1072 2506 1117 2545 iri
1149 2505 1332 2545 credibile
1363 2511 1443 2552 est,
1488 2510 1571 2545 tum
1617 2504 1664 2544 ad
1695 2504 1822 2543 omnis

304 2570 360 2610 rei
391 2572 593 2612 scaenicae
624 2573 837 2625 primordia
869 2580 906 2613 et
937 2587 1162 2627 progressus
1194 2574 1463 2626 cognoscenda
1500 2573 1643 2625 aliquid
1675 2573 1823 2613 redun-

307 2640 399 2680 dare
429 2642 573 2693 poterit
607 2643 793 2683 utilitatis.
