2014 3204
945 253 1267 293 -202—

341 367 580 409 histrionum
638 373 677 408 et
728 368 871 409 faciem
921 373 961 408 et
1003 373 1120 421 caput
1170 368 1407 422 tegebant1).
1491 369 1663 410 Isidor.
1720 370 1868 422 origg.

341 437 407 476 lib.
452 436 498 476 X.
559 437 638 478 119
684 440 738 490 (p.
785 437 866 477 330
911 437 971 476 ed.
1017 437 1295 487 Lindemann).
1378 436 1539 490 Nomen]
1574 444 1700 478 autem
1747 438 1870 491 hypo-

341 508 457 546 critae
496 513 659 546 tractum
704 513 757 547 est
800 506 846 546 ab
885 508 1003 558 specie
1046 516 1179 546 eorum
1195 536 1205 552 ,
1251 508 1317 558 qui
1357 508 1399 544 in
1441 506 1662 558 spectaculis
1704 513 1869 547 contecta

341 576 444 626 facie
473 576 661 621 incedunt,
694 576 961 627 discinyuentes
989 573 1138 613 vultum
1159 572 1332 613 caeruleo
1352 575 1541 625 minioque
1571 573 1692 614 colore
1721 580 1756 613 et
1784 586 1869 614 cae-

338 643 431 682 teris
458 645 666 695 pz'qmentis,
711 643 943 683 habentes
986 642 1259 682 simulacra
1304 643 1397 681 oris
1435 641 1604 689 lintea,
1647 644 1795 695 yipsata
1837 649 1871 682 et

341 713 450 751 vario
497 711 619 752 colore
659 712 833 752 distincta
863 722 1140 763 nonnunquam
1170 717 1205 750 et
1234 710 1332 750 colla
1361 717 1396 750 ec
1425 721 1561 750 manus
1592 717 1694 751 creta
1719 723 1870 763 perun-

338 787 476 830 9entes,
508 787 549 819 ut
580 781 629 820 ad
652 792 837 833 personae
859 779 1026 820 colorem
1051 782 1312 831 pervenirent,
1347 785 1380 819 et
1395 779 1582 831 populum
1603 779 1694 818 dum
1712 781 1753 819 in
1772 779 1871 820 ludis

340 855 503 900 ayerent,
532 849 728 900 fallerent,
757 848 868 889 modo
897 851 937 888 in
957 849 1075 899 specie
1095 848 1182 895 viri,
1203 847 1313 888 modo
1333 850 1374 887 in
1391 847 1597 899 foeminae,
1628 847 1740 888 modo
1761 849 1869 894 tonsi,

340 917 451 957 modo
484 918 615 957 criniti
643 923 678 957 et
708 917 806 958 anili
831 923 865 957 et
885 914 1071 968 virginali
1097 922 1321 968 caeteroque
1344 915 1491 956 diverso
1517 914 1637 963 vultu,
1666 922 1709 956 ut
1727 915 1872 968 fallant

342 984 537 1036 populum,
568 985 661 1025 dum
689 988 731 1026 in
760 985 862 1026 ludis
890 991 1020 1037 ayunt.

453 1054 579 1104 Atque
609 1054 678 1093 has
708 1065 901 1105 personas
932 1056 1246 1092 consentaneum
1280 1057 1361 1092 erat
1391 1064 1471 1092 non
1502 1051 1713 1093 abhorrere
1733 1065 1755 1092 a
1775 1052 1871 1092 deo-

341 1132 454 1167 rum,
499 1132 658 1172 regum,
703 1120 928 1173 principum
960 1120 1208 1173 aliorumque
1238 1119 1437 1167 omnium,
1484 1120 1550 1173 qui
1589 1120 1632 1160 in
1660 1120 1871 1172 tragoediis

342 1193 562 1237 versantur,
594 1202 638 1229 ea
668 1193 830 1235 natura,
875 1188 1000 1240 qualis
1031 1200 1052 1228 a
1081 1188 1210 1241 poetis
1242 1188 1335 1240 ipsis
1367 1187 1613 1229 describitur.
1674 1188 1870 1236 Quemad-

340 1258 502 1297 modum
525 1258 630 1298 enim
663 1257 719 1298 ab
750 1256 983 1309 antiquis
1014 1257 1385 1309 tragoediarum
1415 1256 1778 1309 scriptoribus,
1807 1257 1870 1298 in-

339 1326 474 1378 primis
494 1325 697 1379 Aeschylo,
719 1325 965 1378 singulorum
987 1325 1239 1366 hominum
1270 1336 1367 1365 non
1397 1329 1520 1372 tam,
1552 1325 1731 1378 quales
1761 1338 1871 1366 vere

339 1395 695 1447 reperiuntur,
725 1394 1018 1448 proprietas
1039 1399 1193 1447 atque
1214 1392 1548 1446 peculiaritas
1569 1393 1873 1447 exprimitur

344 1463 399 1510 (id
430 1464 536 1516 quod
567 1463 671 1516 apud
702 1463 933 1504 recentioris
964 1461 1104 1503 aetatis
1134 1467 1284 1516 poetas,
1316 1460 1484 1501 maxime
1513 1461 1618 1514 apud
1649 1461 1873 1515 Shakespe-

340 1532 447 1573 rium
468 1531 552 1572 fieri
573 1532 703 1582 solet),
735 1544 877 1584 quam
900 1530 1139 1572 absoluta
1161 1529 1401 1583 quaedam
1422 1541 1610 1571 morum
1631 1530 1792 1571 forma
1821 1542 1872 1570 ac

340 1600 530 1652 figura,
560 1600 614 1641 ita
645 1600 842 1641 larvarum
875 1612 1035 1652 quoque
1065 1598 1160 1640 satis
1192 1603 1275 1639 erat
1305 1609 1486 1651 genera
1517 1598 1708 1639 nonnulla
1727 1598 1872 1651 effingi,

340 1681 358 1708 s
369 1668 541 1721 pecies
573 1669 805 1708 innumeras
838 1668 970 1721 effingi
1003 1678 1087 1708 non
1118 1672 1201 1707 erat
1221 1678 1330 1719 opus.
1373 1666 1423 1706 Et
1442 1666 1538 1706 haec
1557 1666 1643 1719 ipsa
1663 1672 1724 1707 est
1744 1679 1870 1713 causa,

340 1736 444 1790 quod
475 1736 642 1777 omnino
673 1736 777 1790 apud
808 1742 961 1777 veteres
991 1736 1087 1776 ferri
1116 1741 1271 1789 poterat
1314 1736 1509 1776 larvarum
1554 1746 1674 1783 usus,
1719 1734 1788 1788 qui
1830 1734 1871 1775 in

341 1805 490 1845 nostris
522 1804 683 1857 quidem
714 1804 929 1857 tragoediis
951 1802 1112 1856 cogitari
1144 1803 1206 1844 vix
1235 1809 1378 1857 potest.
1419 1803 1519 1844 Nam
1550 1802 1678 1843 nostri
1706 1807 1872 1850 actores,

339 1879 383 1914 ut
428 1885 566 1914 omnes
612 1874 678 1926 qui
726 1873 910 1926 deinceps
955 1872 996 1913 in
1040 1872 1203 1924 singulis
1242 1872 1416 1913 existunt
1446 1871 1506 1912 vel
1534 1869 1870 1912 reconditissimos

344 1942 569 1982 animorum
601 1947 729 1982 motos
759 1941 997 1994 exprimant,
1029 1952 1101 1980 suo
1122 1940 1300 1993 ipsorum
1322 1940 1445 1989 vultu,
1478 1938 1589 1980 cuius
1609 1951 1763 1980 summa
1785 1951 1872 1980 mo-

341 2011 489 2051 bilitate
518 2010 599 2051 sola
629 2010 705 2050 hoc
735 2009 834 2050 effici
864 2014 1006 2062 potest,
1047 2019 1179 2048 carere
1207 2009 1325 2061 plane
1355 2012 1586 2061 nequeunt,
1631 2006 1754 2058 immo
1799 2007 1873 2047 hoc

344 2078 597 2131 potissimum
628 2078 872 2126 adiumento,
918 2078 1024 2130 quod
1054 2082 1261 2130 poetarum
1292 2089 1356 2118 ars
1387 2075 1608 2117 describere
1638 2079 1705 2116 aut
1734 2074 1872 2123 noluit,

343 2153 408 2188 aut
439 2159 521 2187 non
552 2146 696 2200 potuit,
727 2146 910 2199 supplere
932 2146 1043 2199 quasi
1065 2145 1230 2195 dehent3
1261 2145 1367 2198 quod
1390 2149 1528 2186 contra
1547 2148 1701 2184 veteres
1722 2148 1872 2196 poetae,

344 2216 411 2269 qui
443 2227 641 2256 summam
679 2214 876 2267 quandam
917 2213 1190 2254 describebant
1220 2225 1378 2253 morum
1409 2213 1607 2260 formam,
1652 2217 1874 2265 exemptam

345 2285 449 2325 illam
480 2282 664 2324 omnibus
696 2282 759 2330 iis,
790 2295 891 2335 quae
922 2294 1003 2322 non
1032 2281 1257 2323 necessario
1289 2293 1380 2322 cum
1411 2294 1455 2322 ea
1487 2280 1698 2322 coniuncta
1729 2285 1875 2327 essent,

345 2354 515 2403 effugere
545 2363 705 2392 necesse
737 2356 820 2391 erat
850 2350 1042 2404 quidquid
1071 2349 1279 2403 peculiaris
1308 2349 1548 2391 histrionum
1570 2354 1710 2390 natura
1730 2347 1874 2389 addere

344 2420 536 2474 posset2).
598 2419 734 2472 Itaque
777 2431 828 2459 ne
872 2420 967 2460 haec
1012 2419 1172 2472 quidem
1217 2423 1382 2459 ornatus
1425 2430 1516 2471 pars
1547 2423 1695 2459 temere
1724 2415 1873 2457 adiecta

441 2525 467 2566 ¹)
490 2524 543 2558 Ex
578 2523 641 2556 hoc
677 2533 740 2555 usu
770 2521 923 2566 profecta
955 2527 1051 2555 sunt:
1082 2522 1363 2567 περιθέσθαι
1391 2522 1640 2566 προσωπεῖον.
1700 2517 1870 2562 Ιιιιζοίιιυ.

345 2578 442 2612 Tim.
474 2589 502 2611 c.
535 2578 590 2612 28.
628 2581 870 2624 περίθετον
904 2576 1109 2622 πρόσωπον
1133 2577 1269 2610 Schol.
1297 2579 1345 2611 ad
1369 2577 1507 2611 Arist.
1531 2575 1770 2618 Thesmoph.
1796 2575 1873 2608 258.

345 2637 562 2681 προσωπεῖα
586 2636 894 2681 περικείμενα.
943 2635 1115 2668 Lucian.
1140 2635 1294 2668 Piscat.
1321 2646 1348 2667 c.
1374 2634 1428 2667 36.
1477 2632 1682 2680 πρόσωπον
1704 2628 1796 2678 ὑπὲρ
1819 2641 1874 2664 κε-

346 2692 465 2736 ᾳαλῆς
489 2688 856 2735 ἀνατεινόμενον.
906 2691 1077 2725 Lucian.
1103 2692 1143 2724 de
1169 2692 1313 2726 saltat.
1339 2702 1368 2724 c.
1392 2690 1446 2724 27.
1465 2685 1684 2724 ἀποθέσθαι
1701 2695 1874 2734 προσωπ.

347 2749 517 2782 Lucian.
556 2759 628 2792 pro
666 2749 839 2782 merced.
878 2749 1076 2782 conduct.
1109 2760 1135 2780 c.
1170 2750 1201 2782 5.
1233 2744 1384 2792 ἀφελεῖν
1413 2747 1660 2791 προσωπεῖον.
1709 2744 1872 2778 Lucian.

346 2805 574 2838 leui-omen.
603 2817 630 2838 c.
657 2806 710 2838 29.
736 2805 836 2838 Aris
852 2806 924 2838 tid.
951 2809 1038 2838 orat.
1064 2803 1187 2837 XLIX.
1216 2805 1266 2837 ed.
1291 2802 1444 2836 Dindorf.
1469 2803 1507 2836 T.
1534 2802 1570 2836 ll.
1596 2814 1627 2847 p.
1653 2801 1730 2836 523.

438 2862 463 2903 2)
488 2863 653 2904 Egregie,
678 2867 716 2894 ut
745 2863 853 2904 solet,
878 2863 918 2895 de
942 2862 1005 2895 hac
1029 2872 1067 2894 re
1093 2861 1282 2904 disputavit
1304 2860 1362 2893 vir
1386 2868 1488 2902 prope
1514 2859 1647 2892 infinita
1664 2867 1782 2891 ‘rerum
1807 2856 1874 2890 sci-

347 2920 437 2954 entia
463 2925 562 2963 atque
588 2919 826 2960 intellegentia
860 2919 1014 2962 inprimis
1047 2918 1266 2961 conspicuus,
1303 2916 1567 2959 Bernhardy,
1600 2915 1788 2949 Grundriss
1813 2913 1873 2946 der
