2014 3204
881 230 1159 268 ...14—

254 344 277 387 o‘
324 342 633 399 πρωτοστάτης
678 359 714 383 κ.
758 359 794 383 τ.
827 343 864 384 λ.
923 344 1126 384 Aristid.
1161 344 1283 384 Orat.
1317 344 1430 383 Tom
1462 345 1505 384 ΙΙ.
1538 358 1576 397 p.
1610 344 1675 383 44.
1708 345 1772 384 45.

255 416 314 455 ed.
346 414 475 453 Dindf.
507 409 557 454 οῦ
586 410 783 453 δουλεύει
814 418 911 461 ταῖς
939 413 1025 453 τῶν
1053 411 1269 465 χορευτῶν
1298 408 1566 465 ἐπιθυμίαις
1597 410 1620 453 ὁ
1651 425 1780 467 κορυ-

255 489 389 537 φαῖος
419 478 516 521 ἀλλ’
548 482 589 521 εἴ
618 483 660 521 τί
690 495 779 522 που
809 481 883 521 καὶ
913 478 1152 534 χαρίζεται,
1184 480 1233 522 τὸ
1266 479 1404 535 μηδὲν
1449 477 1623 533 ἆπᾷσαι
1668 491 1780 535 συμ-

255 549 519 604 παρατηρῶν
547 549 614 603 τῷ
641 547 930 604 χαρίζεσθαι,
963 545 1060 590 ἀλλ’
1105 545 1182 601 οὗχ
1227 547 1529 602 ὑποβάλλουσί
1574 565 1622 600 γε
1663 547 1781 604 αὐτῷ

254 618 309 659 τὰ
337 616 551 671 ἐνδόσιμα
573 615 615 658 οἳ
642 616 857 672 χορευταὶ,
890 614 986 658 οὐδ’
1019 613 1140 665 ὅπως
1161 615 1394 658 ἄν’ἒκεῖνοι
1426 615 1672 666 κελεύωσιν,
1704 614 1781 659 οὗ·

255 700 339 734 τως
370 685 587 740 προσάγει
618 684 667 726 τὸ
697 685 828 738 μέλος
859 684 932 725 καὶ
963 684 1040 726 τὸν
1071 683 1246 740 ῥυθμόν
1275 699 1383 738 seqq.
1445 687 1518 733 „Ac
1547 699 1625 727 non
1658 689 1781 726 inter-

253 762 440 807 rumpunt
469 751 709 807 ἐνδόσιμα,
733 766 851 807 neque
880 756 955 806 ipse
981 766 1053 807 pro
1082 767 1216 794 eorum
1246 755 1439 796 voluntate
1481 762 1634 795 cantum
1665 761 1778 806 atque

253 823 470 875 rhythmum
519 823 756 863 moderatur.
823 822 958 862 Dion.
1017 822 1266 875 Chrysost.
1307 823 1415 863 Orat.
1461 823 1554 862 LVI.
1600 835 1636 874 p.
1685 820 1780 860 365.

256 886 358 930 οὐδέ
394 904 443 940 γε
474 888 557 929 τῶν
585 888 727 942 χορῶν
756 888 856 936 τοὺς
887 892 1156 946 κορυφαίους
1186 889 1383 943 τυγχάνω
1415 890 1782 944 πυνθανομένους

255 960 415 1004 οἵτινες
459 956 711 1006 καλοῦνται,
756 955 857 1006 τούς
902 961 1194 1013 σημαίνοντας
1223 966 1317 1007 τοῖς
1348 957 1506 1011 ᾄδουσι
1537 957 1610 999 καὶ
1650 957 1782 1012 μέλος

255 1023 511 1074 ἐνδιδόντας
541 1056 551 1066 .
585 1057 594 1066 .
626 1057 636 1067 .
669 1031 707 1066 et
737 1027 896 1079 passim.

370 1095 424 1134 De
454 1096 679 1135 chorostate
710 1096 755 1135 ef.
790 1096 959 1136 Iulian.
993 1097 1147 1149 epist.
1178 1096 1242 1136 91.
1276 1097 1383 1149 φέρε
1429 1104 1523 1143 σοι,
1571 1090 1780 1147 καθάπερ

384 1193 393 1202 .
426 1162 535 1216 πρὸς
565 1161 640 1217 τήν
659 1165 836 1217 χορείαν
867 1160 1016 1204 ἄνετοι
1038 1165 1260 1218 φέρονται,
1293 1160 1403 1204 οὕτω
1425 1163 1502 1203 καὶ
1534 1160 1659 1218 ἡμεῖς
1690 1158 1781 1204 ὑπὸ

255 1231 315 1286 τῷ
360 1231 422 1286 σῷ
453 1228 657 1285 πλήκτρῳ
687 1231 735 1271 τὸ
768 1226 890 1279 εἰκὸς
919 1228 1226 1286 ἅντηχήσομεν,
1260 1226 1411 1286 ὥσπερ
1443 1226 1491 1272 οὶ
1522 1229 1591 1285 τῷ
1619 1243 1782 1285 χορο-

257 1298 419 1353 στάτῃ
452 1297 587 1354 πρὸς
617 1299 672 1339 τὸ
697 1294 977 1364 ἀνάκλημα
1006 1300 1097 1340 τοῦ
1127 1299 1338 1355 ῥυθμοῦ
1371 1298 1782 1353 συνομαρτοῦν-

256 1381 348 1414 τες.
408 1368 477 1407 Est
508 1368 613 1408 enim
648 1363 876 1421 ἆνάκλημα
907 1369 986 1409 τοῦ
1015 1367 1192 1422 ῥυθμοῦ
1220 1369 1325 1409 idem
1356 1369 1461 1420 quod
1492 1365 1744 1420 ἐνδόσιμον.

371 1435 476 1475 Haec
505 1449 590 1475 rem
621 1436 732 1476 aliter
763 1448 804 1476 se
834 1436 977 1476 habere
1007 1438 1120 1477 facile
1149 1437 1375 1489 probabunt
1415 1437 1497 1476 viro
1542 1435 1782 1475 doctissimo.

256 1503 414 1543 Etenim
448 1504 561 1544 latius
601 1509 734 1556 patere
767 1504 1035 1555 intellegimus
1066 1505 1318 1545 endosimi
1367 1505 1589 1551 notionem,
1636 1504 1781 1556 quippe

258 1572 363 1624 quod
396 1572 448 1611 sit
478 1573 538 1612 vel
569 1572 738 1624 signum,
771 1585 849 1624 quo
872 1573 958 1624 quis
990 1573 1147 1613 initium
1170 1573 1332 1613 alieuius
1364 1573 1421 1612 rei
1444 1573 1663 1613 faciendum
1695 1584 1783 1611 esse

257 1640 516 1689 demonstret,
547 1642 609 1680 vel
639 1641 843 1681 exordium
875 1642 956 1681 sive
988 1641 1190 1688 orationis,
1221 1642 1301 1681 sive
1331 1653 1557 1688 nervorum,
1602 1640 1683 1680 sive
1713 1653 1783 1680 vo-

255 1721 344 1747 eum
377 1714 536 1755 cantus,
582 1709 643 1749 vel
673 1709 837 1749 omnino
882 1709 1043 1750 alicuius
1088 1710 1145 1749 rei
1189 1711 1504 1751 incitamentum.
1565 1709 1699 1748 Suid.
1746 1721 1780 1747 v.

256 1773 442 1816 ἐνδόσι
455 1788 574 1829 μον·
615 1774 826 1830 κινήσεως
855 1776 928 1816 καὶ
973 1774 1105 1831 ἀρχῆς
1135 1778 1289 1818 αἴτιον.
1352 1776 1665 1829 Uniuscuiusque
1709 1787 1781 1827 po-

255 1844 410 1883 testatis
441 1846 633 1896 permulta
666 1847 842 1898 exempla
872 1846 912 1885 in
942 1852 1131 1899 promptu
1162 1851 1266 1886 sunt.

369 1913 503 1952 Liceat
534 1913 633 1953 mihi
676 1927 798 1965 pauca
844 1914 884 1954 in
923 1915 1097 1954 medium
1139 1915 1341 1967 proferre:
1402 1913 1638 1953 I'hilostr.
1671 1911 1782 1952 min.

256 1993 294 2032 p.
345 1980 435 2020 131.
469 1982 528 2021 ed.
561 1982 711 2021 Jacobs,
766 1977 861 2022 Ὁδὶ
892 1980 941 2022 δὲ
972 1979 1151 2034 (Ἰάσων)
1191 1982 1239 2023 τὸ
1283 1980 1522 2034 ἐνδόσιμον
1556 1987 1650 2028 τοῖς
1694 1978 1784 2032 ἐρέ-

258 2063 356 2095 ταις
401 2046 523 2099 ᾅδει·
567 2051 772 2101 remiyibus
817 2052 1035 2091 endosimon
1075 2051 1244 2091 canebat.
1297 2051 1353 2090 Cf.
1384 2063 1423 2102 p.
1461 2051 1550 2089 129.
1587 2049 1782 2088 Lucian.

256 2117 313 2156 de
356 2118 522 2161 saltat.
568 2131 600 2158 e.
652 2119 714 2158 10.
746 2118 819 2158 καὶ
865 2118 912 2159 τὸ
944 2119 1119 2173 πρῶτον
1164 2117 1374 2172 σύνθημα
1408 2116 1784 2170 Λακεδαιμονίοις

257 2185 367 2239 πρὸς
403 2185 481 2239 τὴν
510 2185 653 2239 μάχην
683 2184 706 2226 ὁ
738 2184 870 2234 αὐλὸς
900 2185 1120 2226 ἐνδίδωσι.
1180 2188 1257 2235 „Ec
1291 2189 1456 2239 primum
1487 2186 1636 2238 quidem
1664 2183 1783 2224 Lace-

257 2255 463 2294 daemoniis
495 2255 584 2295 tibe‘a
614 2256 664 2294 acl
689 2257 941 2307 pugnandum
970 2258 1118 2307 siynum
1147 2255 1283 2296 tollz'c.“
1343 2256 1399 2295 Cf.
1431 2255 1616 2294 Maxim.
1667 2253 1776 2305 Tyr.

257 2323 453 2362 dissert.
487 2323 560 2362 Vll.
625 2324 783 2370 Quaest.
817 2325 855 2371 5,
890 2325 924 2362 1.
956 2321 1158 2376 ἐβούλετο
1189 2322 1269 2376 μὲν
1300 2320 1323 2364 ὁ
1359 2318 1606 2376 Λαμπρίας
1637 2321 1784 2361 εἰπεῖν

344 2420 353 2429 .
386 2387 648 2444 ὀρρωδοῦντι
684 2388 724 2430 δ’
757 2387 891 2444 ὅμως,
924 2390 981 2444 μὴ
1014 2390 1115 2431 λίαν
1145 2387 1281 2444 ἀηδὴς
1311 2392 1488 2444 γένηται
1535 2389 1609 2430 καὶ
1639 2387 1782 2442 λυπη-

257 2458 347 2511 ρὸς,
380 2456 509 2505 αὐτὸς
539 2456 562 2498 ὁ
601 2456 925 2510 Καλλίστρατος
957 2456 1104 2510 ὥσπερ
1145 2458 1199 2498 τὸ
1241 2458 1534 2512 ἐνδόσιμον
1573 2458 1782 2511 παρέσχε,

256 2525 442 2567 τοιαῦτά
482 2540 578 2566 τινα
619 2525 887 2578 διαλεχθείς.
948 2528 1132 2567 Pollue.
1172 2527 1254 2567 On.
1294 2528 1324 2566 Ι.
1356 2527 1450 2567 210.
1517 2525 1575 2567 Τὸ
1607 2523 1783 2566 ἐνδόσι-

257 2607 342 2647 μον
373 2594 435 2641 εἷς
465 2593 540 2635 τὸν
571 2593 735 2648 δρόμον
764 2595 947 2647 κροῦσαι
978 2596 1038 2649 τῷ
1070 2594 1179 2635 ποδὶ
1210 2594 1285 2649 τήν
1313 2591 1556 2648 γαστέραΙ).

352 2754 375 2794 ¹)
400 2753 504 2786 Paulo
531 2754 596 2786 alia
623 2753 874 2794 significatione
899 2750 1096 2797 ἐνδόσιμον
1133 2755 1167 2786 in
1205 2754 1388 2787 saltatione
1426 2754 1580 2796 praedita
1616 2758 1701 2787 erat.
1750 2752 1785 2786 Iu

258 2821 320 2853 qua
346 2811 475 2851 signum
504 2811 547 2842 ita
573 2811 808 2853 appellabatur
843 2812 885 2843 ad
912 2821 1067 2843 numeros
1100 2811 1298 2844 saltationis
1337 2811 1401 2842 rite
1436 2810 1650 2842 inculcandos
1687 2809 1781 2853 pedis

257 2868 472 2910 supplosione
499 2868 620 2899 (latum.
671 2868 768 2910 ldque
794 2868 909 2910 primis
936 2868 1144 2910 temporibus
1168 2868 1292 2908 ligneis
1310 2867 1417 2899 soleis
1444 2865 1658 2912 (κρουπέζια)
1684 2867 1783 2899 effec-
