2014 3204
931 230 1288 287 -174-.

331 360 429 400 quae
458 347 506 386 iis
537 346 631 387 locis
663 351 872 398 agerentur
909 347 990 386 sive
1029 358 1050 386 a
1088 345 1208 385 choro
1248 358 1267 385 a
1307 344 1469 396 singulis
1507 345 1724 393 choreutis,
1761 345 1841 385 sive

329 416 376 456 ab
418 414 628 455 actoribus.
694 416 777 455 Est
812 415 980 467 igitur
1016 411 1423 469 παρασκήνιον,
1463 413 1708 466 quidquid
1744 426 1842 455 non

326 485 376 526 in
412 484 522 538 ipso
561 484 878 538 proscaenio,
924 484 1008 524 sed
1046 483 1099 532 ‚in
1144 484 1392 524 alterutro
1438 494 1642 524 scaenae
1686 483 1841 524 latere

326 554 596 603 recitatur,
629 554 844 601 canitur,
885 553 1063 606 agitur.
1122 553 1205 592 Hoc
1235 552 1267 592 si
1297 565 1431 592 verum
1463 557 1539 601 est,
1578 558 1622 593 ut
1657 564 1751 593 sane
1782 552 1844 593 vix

326 624 366 664 in
397 623 681 664 dubitationem
718 628 848 677 potest
884 622 1041 675 adduci,
1081 634 1161 662 non
1197 622 1273 662 iam
1314 621 1543 662 mirabimur
1572 621 1742 663 Pollucis
1779 621 1843 663 in-

326 694 666 746 terpretationem.
726 693 845 733 Recte
877 692 983 734 enim
1016 691 1169 739 Pollux,
1207 691 1240 731 si
1277 691 1365 744 quis
1397 685 1580 731 choreuta
1617 691 1745 743 quarti
1780 691 1844 731 hi-

327 762 484 803 strionis
514 767 643 816 partes
675 766 824 814 ageret,
864 758 1166 815 παρασκήνιον
1195 760 1271 801 hoc
1300 760 1506 801 nominare
1538 759 1687 812 potuit,
1726 760 1843 801 dum-

328 832 444 872 modo
475 843 526 872 ne
556 832 589 872 is
621 830 769 882 (omisit
799 836 942 878 autem,
974 829 1078 883 quod
1109 829 1381 882 gravissimum
1413 829 1487 881 est)
1518 828 1560 869 in
1589 841 1729 869 scaena
1758 829 1842 882 ipsa

326 901 386 940 vel
414 901 643 953 loqueretur
671 902 731 941 vel
771 905 949 948 caneret,
989 899 1058 940 sed
1095 912 1115 940 a
1152 900 1269 939 latere
1307 910 1481 940 scaenae.
1548 898 1682 951 Neque
1712 898 1842 940 minus

328 975 448 1018 recte,
481 969 549 1011 ubi
580 974 742 1023 quartus
773 970 861 1023 quis
891 968 1029 1009 histrio
1064 967 1177 1008 verba
1206 968 1376 1015 faceret,
1409 968 1484 1008 hoc
1512 967 1842 1020 parachoregema

327 1039 521 1092 appellare
559 1039 706 1092 potuit,
747 1039 932 1093 quoniam
973 1042 1156 1090 sumptus
1194 1037 1235 1076 in
1272 1050 1362 1077 eum
1402 1036 1570 1090 impensi
1610 1050 1630 1077 a
1674 1037 1842 1089 chorego

326 1108 432 1149 nulla
469 1108 565 1160 legis
595 1109 826 1149 auctoritate
856 1107 1151 1159 flagitabantur‚
1189 1107 1257 1147 sed
1297 1112 1438 1159 sponte
1474 1106 1842 1159 suppeditabantur3

326 1177 395 1217 sed
426 1182 559 1217 tamen
589 1190 632 1217 ea
661 1189 705 1217 re
736 1178 892 1224 erravit,
934 1176 1040 1230 quod
1078 1175 1199 1215 nimis
1237 1175 1329 1214 artis
1366 1175 1509 1214 finibus
1548 1174 1842 1227 circumscripta

324 1246 699 1298 parachoregematis
737 1247 774 1286 vi
810 1252 928 1299 atque
968 1245 1131 1286 notione
1170 1244 1217 1284 ad
1258 1243 1489 1283 universum
1519 1256 1642 1295 genus
1678 1243 1842 1292 rettulit,

326 1314 430 1367 quod
461 1314 704 1367 singularum
734 1319 794 1355 est
812 1314 1047 1355 fabularum.
1108 1315 1216 1362 Quae
1247 1328 1335 1355 cum
1364 1315 1417 1355 ita
1448 1315 1537 1364 sint,
1570 1328 1651 1356 non
1682 1325 1843 1367 possum

326 1383 506 1436 equidem
538 1384 664 1424 facere
696 1397 783 1424 cum
817 1384 1039 1425 Godofreclo
1071 1383 1318 1432 Hermanno,
1351 1384 1427 1437 qui⁸
1447 1384 1511 1424 illo
1542 1383 1712 1424 Pollucis
1742 1382 1842 1429 loco,

326 1451 430 1503 quod
461 1451 576 1503 plane
606 1451 740 1503 inepta
779 1451 876 1499 sint,
918 1466 1017 1506 quae
1057 1454 1205 1502 tradat,
1242 1454 1536 1506 transponenda
1577 1466 1663 1493 esse
1698 1451 1843 1492 iudicat

326 1518 628 1575 παρασκήνιον
649 1525 687 1560 et
716 1519 1079 1576 παραχορήγημα,
1110 1522 1164 1562 ita
1195 1529 1238 1563 ut
1258 1535 1330 1575 pro
1361 1519 1663 1576 παρασκήνιον
1692 1521 1843 1573 legatur

326 1587 690 1643 παραχορήγημα,
722 1602 796 1642 pro
827 1590 1175 1645 παραχορήγημα
1203 1593 1356 1644 legatur
1385 1588 1742 1645 naqao‘mjmovl).

440 1658 517 1699 Sed
549 1659 795 1699 redeundum
827 1664 886 1700 est
916 1659 963 1699 ad
992 1659 1240 1713 Aeschylum,
1275 1661 1645 1714 quaerendumque,
1676 1671 1772 1700 num
1802 1657 1843 1697 in

315 1726 562 1780 ¹Prometheo
594 1728 848 1769 statuendum
888 1728 941 1769 sit
979 1726 1337 1784 παραχορήγημα.
1405 1731 1541 1771 Obstat
1580 1729 1750 1782 primum
1790 1726 1843 1775 id,

327 1796 432 1848 quod
452 1795 494 1836 in
514 1797 891 1850 parachoregematis
912 1797 973 1838 illa
994 1797 1320 1851 interpretatione
1342 1799 1389 1840 de
1421 1813 1466 1840 eo
1496 1804 1675 1851 tempore
1704 1796 1843 1849 agitur,

327 1877 405 1918 quo
435 1864 513 1905 iam
543 1871 624 1906 tres
654 1866 810 1919 publice
840 1867 1014 1908 instituti
1044 1873 1140 1908 sunt
1169 1875 1344 1916 actores,
1383 1873 1626 1921 quartusque
1656 1866 1846 1907 adhiben-

326 1936 398 1975 dus
430 1941 488 1975 est
518 1940 672 1988 praeter
702 1948 882 1976 normam
913 1936 1006 1977 inde
1035 1951 1056 1979 a
1088 1938 1280 1990 Sophocle
1321 1939 1450 1979 fixam.
1521 1937 1597 1977 Sed
1633 1942 1770 1977 tamen
1805 1934 1844 1975 id

327 2004 485 2057 quidem
525 2004 647 2045 levius
677 2006 842 2047 videtur.
914 2007 1254 2056 Quemadmodum
1295 2007 1400 2048 enim
1437 2011 1595 2060 postea,
1635 2019 1725 2047 cum
1762 2010 1846 2046 tres

327 2073 532 2114 exstabant
569 2078 742 2120 actores,
785 2078 890 2113 extra
929 2076 1108 2116 ordinem
1148 2082 1312 2130 quartus
1350 2075 1588 2123 addebatur,
1626 2076 1679 2116 ita
1716 2079 1843 2124 antea,

327 2156 416 2183 cum
446 2142 529 2182 bini
559 2141 713 2195 publice
754 2141 964 2193 dabantur,
1005 2146 1145 2187 tertius
1182 2152 1345 2200 propter
1383 2145 1535 2186 fabulae
1572 2144 1843 2185 necessitatem

326 2212 415 2252 addi
445 2217 623 2264 poterat,
661 2224 898 2265 quamquam
928 2220 1127 2265 veterum,
1170 2229 1269 2269 quae
1307 2215 1466 2268 quidem
1496 2226 1604 2254 nunc
1639 2220 1732 2255 nota
1767 2213 1846 2254 sint

326 2282 565 2329 testimonia,
596 2287 728 2321 tacent
754 2282 801 2322 de
823 2281 1017 2325 eiusmodi
1037 2285 1417 2338 parachoregematis
1447 2296 1603 2336 genere.
1655 2283 1846 2323 Verume-

327 2350 502 2391 nimvero
541 2351 664 2390 multo
707 2351 828 2403 magis
859 2365 923 2393 res
954 2354 1037 2407 ipsa
1067 2355 1268 2409 totiusque
1298 2354 1451 2395 fabulae
1482 2351 1739 2394 conformatio
1767 2350 1843 2391 im-

328 2419 463 2472 pedire
493 2419 658 2467 videtur,
690 2420 902 2472 quominus
932 2423 1009 2463 hoc
1037 2424 1124 2464 loco
1154 2425 1317 2465 tertium
1347 2423 1477 2470 illum,
1514 2434 1591 2475 quo
1622 2433 1721 2474 opus
1751 2424 1843 2468 erat,

326 2494 497 2530 actorem
528 2489 878 2545 παραχορήγημα
910 2493 1029 2532 fuisse
1061 2495 1335 2535 concedamus.
1396 2494 1546 2546 Sponte
1584 2490 1688 2531 enim
1728 2489 1845 2530 intel-

325 2558 484 2610 legitur,
520 2565 731 2612 postquam
762 2562 846 2613 lege
877 2569 1006 2603 certus
1047 2563 1206 2617 quidam
1242 2562 1483 2604 histrionum
1524 2571 1712 2600 numerus
1750 2570 1845 2598 con-

325 2628 486 2668 stitutus
519 2634 597 2676 est,
629 2642 800 2682 quorum
832 2637 872 2671 et
900 2631 1234 2673 instituendorum
1274 2638 1312 2672 et
1353 2629 1664 2672 exornandorum
1706 2640 1847 2681 sump-

329 2702 392 2736 tus
423 2697 598 2738 facerent
628 2699 805 2753 choregi,
837 2713 918 2741 non
948 2701 1131 2743 debuisse
1162 2702 1329 2754 migrare
1360 2712 1446 2741 eam
1474 2702 1622 2752 poetas,
1652 2697 1727 2738 nisi
1753 2709 1846 2750 gra-

420 2920 445 2965 ¹)
470 2922 678 2956 Jahrhiicher
702 2921 756 2956 fiir
780 2922 971 2965 Philologie
997 2924 1063 2957 und
1087 2923 1283 2967 Piidagogik
1307 2921 1391 2958 LIV.
1419 2925 1447 2958 1.
1473 2934 1503 2967 p.
1531 2922 1628 2957 1848.
