2014 3204
274 807 350 870 DE
387 815 704 870 OROEESTRA
738 814 975 868 EIUSQUE
1010 813 1408 865 EXORNATIONE.

227 999 455 1047 Orchestra,
494 997 602 1039 chori
645 997 859 1050 propria¹)‚
905 996 1027 1050 qualis
1075 995 1292 1048 antiquitus
1331 993 1466 1041 fuerit,
1510 1006 1628 1046 supra

113 1067 327 1110 indicatum
367 1067 479 1121 θεῖ’).
538 1067 633 1107 Erat
663 1066 766 1106 enim
806 1067 916 1107 locus
956 1066 1004 1106 ad
1041 1065 1321 1106 saltandum
1356 1063 1631 1105 accommoda-

109 1127 264 1185 tus,'i'n
303 1149 380 1191 quo
411 1137 512 1178 circa
550 1149 656 1176 aram
693 1136 834 1176 Bacchi
874 1136 1190 1188 (thymelen)
1230 1132 1473 1173 ducebantur
1508 1131 1627 1172 chori.

90 1202 288 1260 -Aeschy'li
324 1219 417 1247 vero
457 1211 581 1247 aetate
622 1206 820 1258 quomodo
861 1218 904 1246 ea
945 1206 993 1245 ad
1028 1205 1265 1257 tragicorum
1309 1202 1631 1255 comicorumque

114 1263 326 1316 chororum
357 1289 474 1316 usum
513 1275 564 1316 sit
600 1275 817 1322 instructa,
856 1287 954 1328 quae
994 1274 1215 1314 orchestrae
1252 1276 1292 1312 et
1309 1284 1482 1316 scaenae
1509 1270 1632 1310 fuerit

116 1343 219 1384 ratio
248 1349 365 1397 atque
396 1343 619 1384 coniunctio
648 1345 771 1396 magis
801 1344 988 1397 impedita
1028 1348 1088 1384 est
1126 1342 1316 1396 quaestio.
1376 1341 1427 1380 Et
1453 1338 1633 1379 inferiori

112 1412 270 1467 quidem
287 1403 387 1453 ⁴loco
409 1413 648 1453 orchestram
671 1418 824 1453 constat
845 1412 960 1452 sitam
982 1425 1078 1460 esse,
1112 1424 1228 1465 quam
1248 1409 1521 1464 proscaenium
1551 1407 1632 1448 sive

111 1482 267 1534 logeum
298 1481 459 1532 (Phot.
499 1494 539 1534 p.
572 1481 666 1528 35¹,
707 1481 770 1520 16.
811 1477 1027 1535 ὀρχήστρα
1067 1480 1241 1535 πρῶτον
1281 1473 1447 1533 ἐκλήθη
1493 1475 1539 1518 ἓν
1581 1471 1633 1534 τῇ

112 1542 277 1604 ἆγορᾷ,
323 1550 438 1590 εἶτα
474 1547 562 1590 καὶ
601 1548 698 1590 τοῦ
737 1546 980 1603 θεάτρου
1023 1547 1080 1589 τὸ
1128 1545 1268 1588 κάτω
1308 1544 1631 1602 ἦμίκυκλον,

110 1614 293 1660 οὔκαὶ
333 1616 384 1659 οἳ
423 1616 577 1673 χοροὶ
617 1613 746 1672 ᾖδον
782 1616 869 1658 καὶ
901 1614 1213 1672 ὠρχοῦντο),
1243 1617 1349 1658 uude
1379 1617 1528 1657 factum
1560 1620 1632 1661 est,

108 1693 155 1729 ut
179 1688 311 1729 aditus
339 1700 411 1741 per
439 1701 538 1742 quos
569 1687 616 1728 ab
653 1693 821 1740 utraque
857 1692 970 1740 parte
1009 1687 1053 1727 in
1089 1688 1332 1728 orchestram
1363 1686 1632 1732 accedebatur,

111 1755 415 1797 nominarentur
442 1754 490 1796 αἳ
520 1754 634 1796 κάτω
653 1754 862 1811 πάροδοι,
893 1769 984 1797 cum
1020 1768 1195 1803 scaenae,
1225 1761 1270 1796 ut
1304 1767 1423 1808 supra
1452 1753 1634 1802 vidimus,

115 1820 243 1865 aditus
282 1825 554 1878 appelarentur
593 1822 641 1865 αἱ
673 1822 763 1865 ἄνω
796 1822 990 1879 πάροδοι
1004 1823 1050 1878 ³).
1110 1827 1237 1879 Atque
1267 1824 1486 1866 accuratius
1517 1823 1634 1863 etiam

110 1893 375 1933 Vitruvius
403 1892 516 1933 nobis
534 1892 707 1940 tradidit,
738 1892 872 1933 decem
893 1894 953 1933 vel
973 1893 1180 1934 duodecim
1200 1893 1367 1946 pedibus
1388 1893 1633 1933 orchestram

111 1962 235 2002 fuisse
263 1962 527 2002 humiliorem.
574 1962 632 2012 (V.
663 1961 702 2001 7.
736 1962 827 2001 Eius
857 1961 954 2014 loyen·
980 1957 1137 2003 altitudo
1167 1974 1244 2002 non
1272 1966 1398 2002 minus
1428 1962 1531 2002 debet
1559 1972 1635 2001 esse

108 2031 253 2084 pedum
283 2032 416 2079 decem,
447 2043 525 2071 non
548 2031 640 2084 plus
671 2031 895 2079 duodecim.)
955 2031 1133 2084 Denique
1163 2031 1257 2071 illud
1289 2044 1446 2084 quoque
1474 2030 1634 2078 scimus,

111 2111 184 2153 per
218 2100 337 2141 scalas
375 2101 610 2141 adscensum
642 2113 729 2140 esse
769 2113 816 2140 ex
847 2100 1045 2141 orchestra
1074 2101 1116 2140 in
1146 2101 1434 2154 proscaenium.
1496 2099 1632 2150 (Poll.

111 2168 360 2210 Onomast.
390 2169 453 2209 IV.
475 2169 565 2210 127.
600 2166 881 2217 εἷσελθόντες
910 2168 959 2210 δὲ
990 2169 1053 2217 εἷς
1072 2171 1149 2223 τὴν
1179 2164 1423 2224 ὀρχήστραν
1452 2166 1530 2210 ἐπὶ
1558 2166 1636 2222 τὴν

110 2236 272 2292 σκηνήν
301 2236 379 2279 διὰ
410 2235 635 2292 κλιμάκων
665 2234 967 2291 ἀναβαίνουσι.
1014 2238 1183 2278 Athen.
1215 2239 1432 2279 Mechan.
1462 2237 1503 2278 in
1531 2238 1633 2277 vett.

110 2304 370 2348 Mathematic.
412 2319 503 2360 opp.
546 2308 606 2347 ed.
637 2307 761 2347 Paris.
792 2321 827 2360 p.
870 2307 907 2347 8.
974 2304 1316 2349 Κατεσκεύασαν
1353 2305 1402 2348 δέ
1430 2320 1544 2355 τινες
1589 2304 1636 2347 ἓν

114 2372 350 2430 πολιορκίᾳ
372 2372 595 2428 κλιμάκων
624 2376 724 2430 γένη
756 2374 1052 2430 παραπλήσια
1071 2383 1165 2425 τοῖς
1184 2377 1439 2431 τιθεμένοις
1469 2375 1516 2417 ἒν
1543 2381 1636 2423 τοῖς

111 2440 320 2498 θεάτροις
350 2441 462 2497 πρὸς
487 2443 539 2483 τὰ
569 2442 814 2499 προσκήνια
834 2452 928 2494 τοῖς
948 2440 1240 2500 ὑποκριταῖς.)
1286 2446 1471 2486 Maximus
1503 2450 1632 2485 autem

115 2513 293 2552 omnium
338 2512 584 2553 difficultates
630 2514 774 2554 creavit
817 2515 900 2568 ipsa
945 2515 1007 2555 illa
1061 2529 1126 2556 ara
1173 2516 1432 2568 (thymele)
1480 2514 1633 2561 Bacchi,

115 2578 215 2621 circa
245 2579 361 2634 quam
401 2582 572 2634 antiquis
614 2582 861 2635 temporibus
902 2584 1084 2624 saltatum
1121 2584 1244 2624 fuisse
1284 2583 1467 2623 diximus.
1527 2583 1634 2631 Quae

115 2661 161 2688 eo
190 2650 321 2690 minus
350 2650 462 2690 facile
491 2657 674 2703 poterant
705 2653 896 2705 expediri,
939 2653 1045 2706 quod
1084 2653 1211 2693 omnis
1241 2655 1322 2692 sere
1353 2665 1454 2705 quae
1485 2652 1533 2691 de
1562 2651 1636 2691 hac

114 2718 158 2757 re
189 2724 248 2757 est
275 2718 485 2770 disputatio
516 2732 595 2760 uno
628 2721 767 2761 nititur
789 2721 968 2762 Suidae
998 2722 1095 2769 loco,
1127 2721 1194 2773 qui
1223 2721 1328 2761 idem
1359 2721 1398 2760 in
1430 2720 1635 2773 Etymolo-

115 2786 199 2838 gico
238 2786 389 2842 Magno,
414 2788 631 2838 invenitur,
672 2790 841 2831 nimium
881 2797 1073 2844 quantum
1113 2790 1321 2842 depravato
1358 2790 1445 2830 illo:
1490 2782 1635 2843 Σκηνῆ

113 2852 233 2895 ἐστιν
261 2852 287 2908 ἡ
317 2856 424 2910 μέση
454 2854 574 2911 θύρα
586 2860 616 2907 ⁴)
649 2857 727 2900 τοῦ
756 2855 974 2913 θεάτρου·
1007 2855 1291 2913 παρασκήνια
1328 2857 1378 2899 δὲ
1413 2857 1469 2899 τὰ
1504 2856 1635 2899 ἔνθεν

204 2945 228 2988 ¹)
247 2945 295 2980 Cf.
313 2947 416 2981 Poll.
434 2949 644 2984 Onomast.
659 2950 716 2985 IV.
732 2951 807 2986 123.
840 2950 866 2994 ²)
881 2950 960 2995 efip.
974 2951 1048 2985 113.
1080 2951 1109 2992 ³)
1122 2948 1164 2984 ef.
1179 2962 1209 2994 p.
1227 2949 1301 2984 120.
1332 2948 1359 2993 ⁴)
1373 2947 1633 2997 Hermffw'gm.
