2014 3204
905 217 1204 258 -212-

303 335 424 375 simae
454 335 722 374 delectationis
754 335 1000 384 consistoria,
1046 348 1124 375 non
1170 336 1248 375 sint
1279 336 1382 387 quod
1415 341 1453 375 et
1484 349 1573 376 esse
1604 338 1747 378 dehent
1777 343 1816 379 et

302 404 403 455 apud
436 403 602 443 Graecos
632 404 833 453 fueruntl)
878 409 916 444 et
962 403 1054 443 olim
1098 404 1199 456 apud
1245 416 1318 444 nos
1363 417 1518 457 quoque
1548 406 1632 446 fieri
1662 406 1816 448 Goethii

302 471 556 524 Schillerique
589 471 709 512 voluit
728 472 940 524 ingenium,
973 472 1203 513 eruditionis
1226 478 1343 525 atque
1362 473 1574 514 humanitis
1595 475 1814 515 seminaria.

363 778 426 818 DE
457 778 674 819 ACTIONE
707 779 847 819 EPICA
879 780 987 819 SIVE
1020 780 1081 819 DE
1113 780 1489 820 RHAPSODORUM
1521 779 1746 821 ACTIONE.

408 866 456 906 Et
486 866 772 919 rhapsodorum
804 866 961 918 quidem
994 879 1056 906 ars
1088 879 1163 919 qna
1195 880 1237 907 re
1269 867 1519 907 contineatur
1539 880 1676 920 graeco
1698 881 1812 908 voea-

295 934 386 974 bulo
417 935 662 987 significatur
704 934 1059 982 διατιθέναι,
1105 936 1207 976 sicut
1236 936 1344 975 Plato
1390 937 1503 976 docet
1547 937 1595 976 de
1639 937 1734 990 legg.
1765 937 1809 976 Π.

292 1015 330 1054 p.
364 1001 458 1042 658.
490 1003 533 1042 D.
567 1001 831 1058 ῥαψῳδὸν
863 1027 914 1032 --
954 1003 1123 1052 καλῶς
1148 1002 1352 1045 Ἰλιάδα
1382 1005 1470 1045 καὶ.
1495 1002 1813 1047 Ὀδύσσειαν

292 1068 319 1125 ἤ
365 1086 417 1110 τι
458 1070 548 1111 καὶ
577 1068 901 1112 ιΗσιοδείων
941 1070 1275 1114 διατιθέντα
1304 1070 1400 1125 τάχ’
1434 1070 1487 1113 ἄν
1517 1071 1640 1128 ἡμεῖς
1671 1071 1714 1115 οἳ
1743 1075 1813 1126 γέ-

292 1153 437 1193 ροντες
467 1137 626 1193 ἥδιστα
656 1137 918 1188 ἀκούσαντες
947 1141 1074 1181 νικᾶν
1095 1138 1149 1182 ἄν
1170 1148 1348 1195 φαῖμεν,
1385 1142 1495 1189 Quod
1519 1156 1607 1184 cum
1630 1143 1810 1184 omnibus

290 1208 451 1249 omnino
483 1209 700 1250 carminum
732 1210 930 1250 actoribus
960 1210 1156 1250 tribuatur
1188 1210 1315 1262 (Plato
1347 1210 1539 1252 Charmid.
1570 1225 1608 1264 p.
1644 1211 1735 1251 162.
1767 1211 1809 1251 D.

290 1272 404 1316 ἄλλά
445 1290 522 1330 μοι
569 1274 716 1324 ἔδοξεν
761 1274 1028 1333 ὀργισθῆναι
1059 1276 1176 1333 αὐτῷ
1207 1276 1355 1334 ὥσπερ
1385 1279 1569 1335 ποιητὴς
1597 1274 1811 1338 ὑποκριτῇ

288 1345 428 1393 κακῶς
458 1344 710 1387 διατιθέντι
741 1346 795 1387 τά
826 1345 982 1388 ἑαυτοῦ
1005 1344 1233 1402 ποιήματα
1246 1348 1292 1398 ²).
1338 1349 1493 1389 Diodor.
1528 1349 1646 1390 Sicul.
1669 1349 1747 1388 XV.
1772 1349 1809 1388 7.

295 1411 318 1455 ὁ
351 1413 400 1454 δὲ
433 1412 672 1462 Διονύσιος
715 1416 788 1469 τῆς
828 1417 890 1464 εἷς
919 1416 973 1456 τὰ
1003 1415 1232 1471 ποιήματα
1263 1417 1459 1472 σπουδῆς
1498 1414 1574 1458 οὔκ
1618 1412 1810 1471 οἶφιστά-

287 1497 415 1537 μενος
461 1483 522 1531 εἷς
568 1482 647 1537 μὲν
677 1483 753 1538 τήν
791 1482 1094 1540 Ὀλυμπιακὴν
1127 1483 1372 1539 πανήγυριν
1402 1483 1683 1533 ἐξαπέστειλε
1710 1485 1809 1532 τοὺς

287 1548 613 1605 εὗφονωτάτους
637 1554 722 1593 τῶν
745 1550 995 1608 ὑποκριτῶν
1017 1553 1396 1608 διαθησομένο
1409 1569 1465 1602 υς
1489 1554 1534 1595 ἐν
1549 1561 1641 1602 τοῖς
1662 1551 1809 1606 ὄχλοις

285 1617 373 1674 μετ’
406 1617 518 1676 ᾠδῆς
548 1620 603 1661 τὰ
635 1619 899 1676 ποιήματα.)
931 1623 1041 1663 facile
1062 1623 1312 1674 intellegitur,
1346 1624 1385 1664 in
1414 1637 1459 1664 eo
1483 1624 1712 1676 primarium
1742 1622 1809 1662 in—

286 1702 371 1729 esse
416 1690 545 1730 omnis
589 1691 752 1731 actionis
799 1704 944 1732 munus
991 1697 1105 1744 atque
1151 1692 1334 1732 officium.
1397 1693 1669 1733 Διατιθέναι
1715 1703 1807 1732 vero

286 1759 379 1810 quid
427 1759 526 1800 aliud
575 1766 633 1800 est
665 1773 779 1813 quam
826 1759 1128 1813 disponere?
1188 1761 1404 1813 Disponere
1434 1765 1563 1801 autem
1595 1773 1684 1800 cum
1714 1760 1806 1800 rha-

283 1828 395 1879 psodi
427 1828 611 1868 dicuntur
642 1828 803 1869 Homeri
833 1830 1070 1882 Hesiodique
1102 1830 1273 1870 carmina
1306 1830 1398 1882 quid
1443 1830 1545 1870 aliud
1591 1829 1665 1869 sibi
1710 1829 1804 1876 vult,

287 1896 363 1936 nisi
395 1910 461 1937 eos
491 1898 531 1937 in
576 1898 859 1938 recitandis
891 1897 1131 1938 carminibus
1163 1911 1235 1938 suo
1267 1898 1439 1951 quidque
1470 1900 1553 1938 loco
1585 1895 1809 1939 collocare?

281 1965 362 2005 Iam
396 1979 485 2006 cum
518 1966 680 2006 minime
711 1967 761 2007 sit
792 1967 978 2019 rhapsodi
1010 1971 1164 2007 mutare
1196 1967 1255 2006 vel
1287 1967 1358 2007 alio
1389 1968 1475 2007 loco
1505 1979 1664 2019 ponere,
1710 1978 1808 2018 quae

279 2046 299 2073 a
330 2035 456 2086 poetis
489 2036 710 2088 composita
741 2041 852 2082 sunt,
899 2036 1188 2088 rhapsodorum
1235 2036 1437 2088 dispositio
1468 2049 1550 2076 non
1580 2041 1711 2088 potest
1740 2047 1807 2075 re-

279 2102 373 2142 ferri
418 2103 496 2142 nisi
541 2104 587 2143 ad
634 2109 764 2157 aptam
797 2105 1015 2145 carminum
1047 2104 1468 2157 pronuntiationemss).
1538 2104 1636 2156 Apte
1667 2109 1798 2144 autem

375 2254 399 2296 ¹)
423 2255 637 2298 Aristoph.
665 2254 806 2287 Ranae
831 2265 862 2287 v.
890 2256 985 2289 1054.
1012 2255 1062 2288 ed.
1088 2255 1277 2288 Fritzsche.

368 2311 397 2354 ²)
422 2311 699 2345 Cf.Plutarch.
726 2318 885 2356 quaest.
912 2313 1078 2345 eonviv.
1106 2312 1165 2345 IX.
1188 2315 1227 2346 15
1246 2324 1273 2345 c.
1294 2313 1324 2345 2.
1351 2311 1389 2345 Τ.
1414 2312 1452 2346 11.
1478 2323 1510 2356 p.
1528 2312 1604 2345 912.
1631 2313 1680 2345 ed.
1699 2311 1803 2345 Paris.

278 2366 483 2414 σχήματα
518 2370 712 2413 (appellant)
739 2370 881 2413 σχέσεις
902 2371 964 2402 καὶ
990 2370 1242 2412 διαθέσεις,
1267 2371 1317 2407 εἰς
1332 2364 1374 2407 ἃς
1391 2366 1586 2415 φερόμεναι
1604 2367 1807 2402 τελευτῶσιν

279 2427 317 2458 αἱ
339 2422 505 2470 κινήσεις,
530 2423 619 2460 ὅταν
638 2422 862 2463 Ἀπόλλωνος
886 2423 908 2470 ἢ
932 2424 1059 2466 Πανὸς
1083 2423 1104 2470 ἢ
1128 2439 1174 2462 tm
1185 2439 1221 2465 ος
1237 2425 1385 2471 Βάκχης
1402 2427 1523 2471 σχῆμα
1541 2426 1722 2463 διαθέντες
1745 2425 1806 2458 ἐπὶ

277 2485 341 2517 τοῦ
366 2479 534 2529 σώματος
567 2484 755 2531 γραφικῶς
789 2486 863 2522 τοῖς
901 2485 1032 2518 εἴδεσιν
1056 2485 1269 2530 ἐπιμένωσι.
1316 2484 1423 2518 Poll.
1449 2483 1505 2518 IV.
1536 2484 1606 2517 113.
1655 2484 1744 2516 Εἰσὶ
1768 2482 1806 2517 δὲ

275 2539 351 2575 ἀπὸ
376 2539 511 2576 τούτων
533 2542 594 2575 καὶ
620 2540 809 2586 ὑποκριταὶ
833 2541 894 2574 καὶ
920 2539 1112 2587 ὑπόκρισις
1135 2544 1195 2575 καὶ
1219 2538 1415 2585 ἀντίκρισις
1449 2541 1508 2574 καὶ
1543 2538 1806 2582 ὑποκρίνεσθαι

274 2595 317 2631 τὰ
345 2600 502 2643 ἰαμβεῖα,
538 2597 807 2641 διαθέσθαι,
843 2599 1213 2643 σχηματίζεσθαι
1236 2611 1266 2632 κ.
1291 2610 1318 2631 τ.
1345 2600 1374 2632 λ.
1402 2598 1616 2631 Plutarch.
1644 2603 1803 2641 quaest.

276 2656 527 2690 eonviv.V11.
553 2657 583 2690 8.
610 2668 637 2690 c.
667 2657 694 2688 1.
720 2656 758 2691 T.
784 2656 822 2688 ΙΙ.
848 2667 878 2700 p.
905 2658 981 2691 867.
1030 2654 1203 2701 πρόσεστι
1240 2655 1277 2690 δὲ
1311 2653 1503 2702 ὑπόκρισις
1536 2656 1731 2699 πρέπουσα
1754 2655 1806 2700 τῷ

275 2709 359 2755 ἤθει
385 2714 456 2748 τῶν
480 2712 728 2758 ὑποκειμένων
752 2712 958 2762 προσώπων
988 2714 1049 2747 καὶ
1075 2713 1194 2759 φωνῆς
1217 2711 1370 2757 πλάσμα
1394 2712 1453 2745 καὶ
1479 2712 1601 2757 σχῆμα
1623 2714 1684 2745 καὶ
1706 2711 1804 2746 δια-

273 2772 427 2808 θέσεις
457 2770 595 2816 ἑπόμε
614 2783 686 2805 ναι
709 2775 805 2809 τοῖς
829 2773 1101 2818 λεγομένοις.

367 2828 395 2870 ³)
420 2828 634 2862 Plutarch.
663 2830 831 2862 Demosth.
859 2841 886 2863 c.
913 2831 942 2862 7.
969 2825 1212 2874 μεταλαβόντα
1238 2825 1302 2862 τὸν
1323 2825 1501 2872 Σάτυρον,
1539 2823 1631 2860 οὕτω
1667 2825 1803 2860 πλάσαι

272 2888 338 2919 καὶ
365 2887 557 2926 διεξελθεῖν
582 2888 619 2921 ἐν
648 2883 722 2930 ’ήῧει
750 2887 924 2933 πρίποντι
950 2889 1006 2920 καὶ
1034 2886 1201 2920 διαθέσει
1225 2883 1291 2928 τὴν
1315 2882 1427 2928 αὐτὴν
1452 2884 1556 2931 ῥῆσιν
1582 2881 1676 2919 ὥσθ’
1714 2881 1804 2922 ὅλα-ς
