2014 3204
992 241 1046 246 -—
1110 214 1188 258 192
1248 240 1303 246 —

378 329 627 387 κροκωτό
638 347 657 379 ς
686 345 818 372 crocea
842 333 978 384 (Poll.
1000 333 1060 372 lv.
1089 333 1180 372 117.
1213 329 1237 373 ὁ
1268 330 1317 372 δὲ
1338 330 1552 386 κροκωτὸς
1574 329 1780 385 ἱμάτιον),
1808 342 1911 384 ‘quae

378 407 463 441 tum
513 401 697 449 feminis,
742 406 826 441 tum
876 401 943 452 qui
987 402 1035 441 ad
1080 401 1316 441 feminarum
1348 400 1527 440 habitum
1558 400 1735 453 proxime
1765 400 1914 441 accedit

379 470 531 509 Baccho
562 469 752 509 tribuitur
783 469 918 518 (Poll.
950 468 1027 508 VII.
1061 468 1126 509 56.
1157 468 1373 520 γυναικῶν
1404 467 1453 509 δὲ
1482 466 1715 522 κροκωτὸς,
1747 467 1914 523 κροκώ-

378 551 489 578 τιον.
520 538 581 578 IV.
616 538 710 577 117.
760 531 982 584 Διόνυσος
1027 534 1076 577 δὲ
1121 532 1239 591 αὐτῷ
1285 535 1436 590 ἐχρῆτο
1483 536 1640 576 Schol.
1683 537 1730 577 ad
1759 536 1912 579 Arist.

381 606 443 646 Ra
456 617 496 646 n.
548 606 614 645 45.
664 604 964 647 Διονυσιακὸν
1009 601 1190 659 φόρημα
1241 601 1266 645 ὁ
1311 599 1582 658 κροκωτόςΞ).
1657 605 1814 646 Schol.
1859 603 1915 645 ad

381 675 526 715 Arist.
557 675 742 715 Thesm
758 675 862 727 oph.
912 687 944 713 v.
979 673 1074 712 945.
1123 671 1350 726 Κροκωτὸς
1381 669 1500 720 εἶδος
1529 672 1712 724 χιτῶνος
1740 671 1815 713 καὶ
1845 670 1917 714 ἓν·

383 738 576 796 δύματος
607 741 847 794 ἐγκυκλίου.
890 741 977 782 Albi
1008 740 1149 781 coloris
1180 741 1406 782 vestimenti
1435 753 1553 792 supra
1585 739 1686 782 facta
1717 745 1777 782 est
1803 754 1917 782 men-

385 811 452 851 tio.
517 811 694 851 Aliorum
725 816 857 851 autem
890 810 1067 851 colorum
1098 823 1119 850 a
1151 810 1310 850 Polluce
1332 811 1554 850 afferuntur
1581 814 1707 850 vestes
1737 809 1798 851 IV.
1824 809 1918 850 118.

388 880 553 932 oleagini
586 877 866 934 (ὄμφακινος)
889 878 1023 919 melini
1056 875 1326 932 (μήλινος)3).
1369 878 1505 931 Nigras
1525 883 1654 918 vestes
1682 878 1918 919 miserorum

383 949 508 989 fuisse
537 954 622 989 tum
655 949 797 989 ibidem
820 953 987 988 testatur
1008 946 1182 987 Pollux
1197 944 1242 997 4),
1274 951 1360 987 tum
1383 946 1539 999 saepius
1561 959 1608 986 ex
1627 946 1723 999 ipsis
1743 945 1919 998 Aeschyli

384 1018 596 1070 tragoediis
619 1017 925 1069 cognoscitur⁶).
962 1016 1243 1056 Utebantur
1273 1015 1427 1068 igitur
1447 1027 1622 1055 omnes
1642 1014 1919 1055 histriones

386 1086 541 1126 talari
572 1085 767 1132 tunica,
799 1098 870 1125 acu
900 1084 1001 1137 picta
1032 1085 1091 1124 vel
1114 1096 1207 1124 auro
1240 1083 1485 1124 coloribusve
1515 1083 1710 1131 distincta,
1743 1083 1805 1124 eui
1835 1095 1921 1123 su-

387 1154 825 1207 periniiciebatur
869 1153 1071 1205 aliquod
1116 1153 1336 1206 pallium.
1396 1152 1455 1192 Et
1492 1165 1602 1193 cum
1633 1163 1779 1192 unum
1810 1152 1921 1191 fere

389 1228 521 1263 esset
551 1222 835 1263 tunicarum
867 1234 1044 1273 genus,
1076 1234 1171 1274 quo
1205 1227 1253 1261 et
1282 1220 1500 1260 feminae
1530 1226 1576 1260 et
1596 1219 1688 1260 viri
1710 1225 1922 1261 uteren-

389 1298 489 1339 tur,
522 1303 721 1343 magnus
761 1303 1003 1331 numerus
1049 1290 1426 1343 epiblematum‚
1470 1288 1633 1329 facile
1676 1288 1794 1329 fieri
1836 1301 1923 1341 po-

389 1361 503 1408 tuit,
549 1365 604 1400 ut
647 1358 858 1399 abiecto
896 1359 1229 1411 periblemate
1267 1363 1312 1398 et
1344 1363 1536 1398 mutata
1566 1357 1708 1398 larva
1738 1356 1922 1397 multas

391 1430 632 1481 deinceps
663 1433 834 1480 partes
856 1427 1047 1481 singuli
1077 1433 1278 1468 actores
1311 1427 1364 1467 in
1394 1439 1488 1466 una
1511 1427 1789 1479 eademque
1820 1430 1925 1466 tra-

390 1497 568 1550 goedia
598 1497 729 1537 tueri
758 1502 978 1549 possent.

507 1633 556 1675 Et
585 1635 681 1675 haec
713 1634 874 1687 quidem
907 1634 1038 1674 omnia
1061 1646 1160 1687 quae
1182 1633 1379 1687 persecuti
1400 1644 1539 1673 sumus
1560 1631 1847 1685 propemodum
1878 1630 1927 1670 ad

395 1706 541 1745 decor
557 1717 625 1744 em
660 1709 698 1743 et
729 1707 1057 1743 venustatem
1089 1707 1253 1742 ornatus
1285 1706 1478 1755 spectant.
1520 1700 1799 1747 Quaerendum
1821 1711 1930 1740 nunc

395 1779 467 1822 est,
501 1773 700 1826 quomodo
732 1772 851 1812 etiam
881 1772 1179 1824 grandiores
1210 1771 1422 1811 histriones
1443 1769 1532 1810 facti
1552 1769 1642 1815 sint,
1673 1773 1719 1808 ut
1748 1768 1931 1821 ampli-

394 1843 514 1883 tudo
538 1853 675 1882 eorum
697 1852 778 1881 non
801 1841 918 1880 nimis
940 1840 1172 1880 abhorreret
1193 1853 1213 1881 a
1234 1840 1407 1880 Deorum
1429 1849 1742 1890 magnorumque
1762 1837 1932 1878 heroum

397 1910 671 1957 similitudine,
703 1922 802 1962 quos
833 1909 875 1950 in
907 1921 1088 1950 scaenam
1117 1908 1305 1962 produxit
1326 1908 1552 1961 Aeschylus.
1590 1905 1714 1958 quue
1736 1905 1782 1946 ad
1803 1914 1931 1945 unum

400 1983 484 2020 fere
515 1991 654 2020 omnes
685 1984 836 2018 veteres
868 1984 1002 2027 testes,
1048 1977 1230 2030 inprimis
1279 1975 1482 2016 altioribus
1528 1973 1763 2028 quibusdam
1795 1974 1932 2015 calceis

399 2049 582 2090 effectum
606 2060 706 2096 esse,
730 2048 798 2100 qui
817 2047 901 2088 fere
923 2047 984 2088 vel
1007 2044 1260 2102 ὀκρίβαντες
1281 2045 1341 2087 vel
1363 2042 1552 2099 ἐμβάται
1573 2043 1634 2084 vel
1663 2040 1932 2097 κόθορνοι

401 2118 675 2159 nominantur.
735 2117 821 2157 Cra
835 2129 947 2157 mer.
994 2116 1166 2157 Anecd.
1213 2115 1316 2156 Par.
1362 2115 1386 2155 1.
1415 2115 1441 2154 l.
1489 2113 1594 2154 inter
1638 2125 1683 2154 ea
1700 2143 1710 2161 ‚
1755 2125 1855 2166 quae
1884 2112 1932 2152 ab

492 2316 518 2358 2)
544 2316 732 2349 Schoene
758 2316 798 2348 de
824 2325 998 2358 personar.
1032 2314 1067 2347 in
1105 2314 1223 2357 Eurip.
1261 2313 1380 2347 Bacch.
1411 2313 1530 2346 habitu
1556 2311 1710 2346 scaenico
1734 2321 1765 2354 p.
1791 2310 1835 2343 25
1859 2319 1935 2342 cro-

403 2384 496 2407 ceum
522 2369 609 2406 illud
635 2373 829 2415 suspicatur
858 2371 965 2405 fuisse
998 2372 1260 2412 vestimentum,
1285 2371 1370 2414 quod
1397 2380 1498 2414 super
1524 2370 1672 2402 tunicam
1695 2367 1859 2412 (χιτῶνα)
1883 2367 1936 2400 in-

403 2432 544 2464 duerent
560 2430 757 2463 histriones.
775 2429 855 2462 Ath
868 2441 923 2463 en.
942 2430 982 2463 V.
1004 2429 1079 2462 198.
1098 2440 1126 2462 e.
1144 2453 1151 2461 .
1167 2454 1175 2461 .
1191 2453 1198 2461 .
1216 2427 1281 2462 ἐπὶ
1297 2426 1334 2461 δὲ
1347 2424 1471 2470 ταύτης
1483 2424 1579 2469 ἐπῆν
1591 2422 1736 2470 ἄγαλμα
1748 2421 1937 2459 Διονύσου

404 2485 590 2531 δεκάπηχυ
616 2486 776 2521 σπένδον
799 2486 838 2520 ἐκ
861 2488 1062 2534 καρχησίου
1082 2485 1233 2533 χρυσοῦ,
1253 2485 1391 2529 χιτῶνα
1417 2484 1635 2530 πορφυροῦν
1650 2482 1735 2526 ἔχον
1751 2476 1936 2522 διάπεζον,

404 2545 466 2577 καὶ
490 2542 547 2578 ἐπ’
576 2542 687 2578 αὐτοῦ
712 2540 893 2590 κροκωτὸν
917 2543 1094 2588 διαφανῆ·
1122 2542 1374 2590 περιεβέβλητο
1393 2539 1430 2575 δὲ
1447 2538 1597 2586 ἱμάτιον
1614 2539 1834 2587 πορφυροῦν
1844 2548 1936 2582 χρυ-

405 2601 629 2637 σοποίκιλον.

498 2657 525 2700 ³)
551 2657 601 2691 Cf.
628 2657 784 2691 Becker
809 2657 847 2691 Π.
873 2669 904 2701 p.
931 2658 996 2691 352
1023 2669 1091 2702 sqq.

497 2714 524 2757 4)
550 2715 655 2748 Poll.
691 2715 825 2748 Onom.
857 2715 914 2750 IV.
954 2716 1026 2750 118.
1058 2717 1261 2760 γυναικείας
1290 2713 1328 2748 δὲ
1353 2710 1481 2759 συρτὸς
1510 2710 1732 2759 πορφυροῦς.
1757 2711 1818 2754 τῆς
1841 2706 1873 2744 δ’
1901 2708 1940 2743 ἐν

409 2771 584 2817 συμφορᾷ
609 2770 627 2804 ὁ
653 2770 721 2816 μὲν
746 2770 874 2820 συρτὸς
896 2773 1018 2817 μέλας,
1043 2769 1084 2804 τὸ
1112 2768 1146 2805 δ’
1173 2771 1354 2816 ἐπίβλημα
1377 2767 1536 2813 γλαυκὸν
1559 2765 1582 2812 ἢ
1605 2763 1768 2814 μήλινον.

505 2830 529 2870 ⁵)
557 2829 804 2862 Choreutarum
830 2830 986 2873 inprimis
1012 2830 1130 2872 nigrae
1154 2833 1383 2862 memorantur
1414 2833 1548 2870 vesteS,
1574 2827 1848 2873 Ghoephororum
1872 2823 1940 2858 Eu·-

409 2886 588 2929 menidum,
605 2891 642 2919 ut
667 2898 728 2920 suo
755 2887 830 2920 loco
855 2886 1057 2920 videbimus.
