2014 3204
881 187 1189 228 —214—

278 303 351 345 καὶ
392 303 620 356 διᾴδοντα,
663 301 773 358 ὅπερ
804 302 950 345 ἐποίει
985 305 1251 353 Μνασίθεος
1287 299 1591 355 ὁὈπούντιος
1618 311 1795 355 testatur,

279 388 356 427 quo
387 375 472 414 loco
502 374 564 414 vix
595 373 759 414 dubium
789 387 876 414 esse
907 378 1050 427 potest,
1084 374 1181 427 quin
1202 375 1251 414 de
1271 380 1448 427 gestuum
1481 376 1614 428 signis
1645 382 1727 417 non
1749 377 1795 416 de

279 444 383 483 vocis
414 444 582 496 quadam
614 443 895 496 significatione
927 448 1074 496 agatur.

393 512 463 552 Est
491 513 609 564 igitur
638 513 848 565 praecipua
880 513 1166 565 rhapsodorum
1198 514 1280 553 laus
1311 513 1351 552 in
1373 526 1417 553 ea
1438 513 1626 553 modestia
1657 514 1796 565 posita,

279 595 379 634 quae
409 582 505 621 nihil
535 582 734 634 antiquius
765 582 918 629 haheat,
963 582 1039 621 nisi
1072 587 1113 621 ut
1144 595 1244 634 quae
1273 582 1472 622 recitaturi
1503 588 1596 622 sunt
1625 582 1797 623 carmina

279 652 401 704 probe
432 651 660 704 intellegant
691 651 891 704 probeque
922 651 1114 691 intellecta
1147 651 1266 698 nude,
1312 656 1426 699 recte,
1471 651 1675 704 perspicue
1703 664 1796 704 pro-

280 721 465 761 nuntient
493 720 669 774 nihilque
700 725 859 761 caveant
889 721 1122 771 diligentius,
1163 720 1237 759 nisi
1272 734 1321 760 116
1350 733 1526 773 unquam
1558 721 1796 773 rhapsodum

279 791 410 843 potius
456 803 572 843 quam
618 795 757 842 poetae
799 802 956 830 carmen
988 789 1121 829 audire
1153 790 1362 829 videamur.
1424 790 1556 842 Itaque
1601 790 1694 830 satis
1739 794 1799 829 est

278 860 476 912 rhapsodo
507 865 661 912 praeter
705 860 829 911 ipsam
876 860 1109 905 carminum,
1156 872 1254 911 quae
1285 859 1433 903 recitat,
1478 859 1798 911 intellegentiams

280 942 477 970 summam
500 942 658 981 operam
681 929 772 969 dare
795 928 932 968 vocis
963 929 1374 976 conformationi,
1405 929 1572 969 addito
1605 929 1796 968 modico

255 998 492 1051 'quodam
524 1005 751 1050 gestuum
784 999 1093 1045 adiumento,
1126 997 1266 1049 quibus
1297 1010 1376 1037 non
1405 1002 1483 1037 tam
1516 998 1690 1038 imitetur
1720 1009 1796 1042 res,

281 1081 397 1121 quam
427 1068 571 1107 indicet
602 1081 661 1116 ea,
707 1080 805 1120 quae
837 1068 944 1107 cerni
973 1067 1019 1106 ab
1051 1066 1293 1106 auditoribus
1325 1067 1371 1107 ad
1402 1072 1507 1107 recte
1537 1066 1798 1117 intellegenda

283 1137 454 1178 carmina
486 1137 653 1177 maxime
684 1137 861 1177 videatur
892 1135 1166 1175 necessarium.

336 1392 398 1432 DE
428 1391 642 1432 ACTIONE
673 1392 853 1433 MELICA
886 1392 995 1431 SIVE
1026 1391 1088 1430 DE
1120 1391 1493 1431 CHOREUTARUM
1524 1391 1752 1432 ACTIONE.

394 1473 569 1513 Actionis
614 1474 772 1513 melicae
817 1479 856 1514 et
887 1473 1017 1525 epicae
1050 1473 1270 1513 communis
1301 1478 1360 1513 est
1389 1472 1494 1513 vocis
1524 1473 1796 1522 conformatio,

282 1558 327 1584 eo
358 1549 489 1582 tamen
520 1543 756 1590 discrimine,
803 1543 905 1596 quod
953 1543 1229 1582 choreutarum
1278 1555 1350 1581 vox
1395 1541 1544 1582 musica
1575 1543 1796 1590 accedente,

281 1609 390 1649 cuius
420 1621 541 1660 prope
572 1609 700 1648 nullae
730 1609 771 1650 in
803 1611 911 1662 epico
943 1613 1114 1651 carmine
1145 1616 1238 1651 sunt
1269 1616 1412 1663 partes,
1443 1624 1523 1650 non
1554 1611 1679 1651 solum
1710 1623 1790 1651 ver·-

282 1693 412 1733 suum·
428 1679 617 1726 numeris,
657 1679 726 1718 sed
757 1679 874 1719 etiam
905 1681 1114 1720 modorum
1144 1680 1329 1720 varietate
1359 1686 1627 1732 temperatur,
1673 1681 1724 1720 ita
1755 1685 1799 1720 ut

281 1750 412 1788 minus
456 1748 501 1787 ab
548 1748 721 1799 ipsorum
761 1748 905 1789 iudicio
937 1761 1132 1800 suspensa
1163 1748 1214 1787 sit
1244 1749 1470 1789 modulatio.
1531 1749 1797 1798 Quamobrem

280 1818 313 1857 si
343 1817 510 1857 canendi
541 1817 764 1857 facultatem
797 1818 964 1870 excipias
995 1818 1095 1858 haud
1128 1818 1303 1867 exiguam
1333 1818 1435 1858 illam
1468 1818 1636 1871 quidem,
1666 1818 1798 1858 minus

279 1887 360 1927 fere
391 1891 451 1926 est
479 1887 520 1926 111
552 1886 714 1926 clioricis
745 1888 981 1927 carminibus
1011 1887 1291 1940 pronuntiandi
1321 1887 1526 1927 artificium
1560 1900 1676 1940 quam
1708 1888 1796 1927 rha-

285 1955 515 2006 psodorum.
575 1955 707 1995 Latius
753 1969 845 1996 vero
892 1958 1014 1997 multo
1060 1957 1161 2009 apud
1192 1956 1396 1996 choreutas
1428 1970 1472 1996 ea
1502 1961 1608 2009 patet
1637 1956 1798 1996 actionis

279 2036 381 2076 pars,
427 2037 526 2076 quae
571 2030 698 2064 motu
745 2026 982 2074 conti-netur.
1041 2026 1139 2065 Nam
1171 2025 1355 2078 quoniam
1388 2026 1430 2065 in
1461 2026 1627 2066 choricis
1657 2026 1796 2066 carmi-

279 2093 394 2133 nibus
440 2106 521 2133 non
566 2094 691 2134 solum
724 2101 958 2135 enarrantur
987 2107 1087 2147 quae
1117 2095 1216 2134 facta
1248 2098 1361 2140 sunt,
1407 2095 1474 2134 sed
1519 2095 1611 2147 quid
1656 2095 1704 2134 de
1748 2093 1796 2134 iis

280 2163 422 2202 chorus
452 2163 535 2215 ipse
567 2164 708 2203 sentiat
738 2164 978 2216 exprimitur,
1021 2164 1068 2203 ad
1114 2164 1185 2203 hos
1229 2163 1455 2202 innumeros
1500 2162 1621 2202 animi
1664 2166 1795 2202 motus

279 2231 595 2283 interpretandos
641 2233 828 2273 maiorem
874 2233 1056 2273 accedere
1100 2243 1259 2272 necesse
1304 2238 1386 2271 erat
1430 2232 1595 2271 actionis
1640 2231 1716 2271 vim
1753 2243 1798 2270 ac

279 2301 448 2352 pondus.
495 2302 623 2353 Atque
654 2315 742 2342 cum
773 2302 874 2342 oculi
905 2303 951 2342 ad
983 2301 1227 2341 credendum
1259 2301 1379 2352 magis
1411 2301 1490 2341 sint
1519 2300 1649 2340 idonei
1679 2312 1796 2352 quam

279 2382 406 2418 aures⁷
437 2382 605 2423 cumque
626 2372 800 2423 corporis
822 2371 995 2411 membra
1018 2371 1310 2422 promptissima
1333 2370 1411 2409 sint
1431 2370 1479 2409 ad
1499 2369 1654 2422 quasvis
1674 2368 1796 2408 animi

279 2440 596 2490 perturbationes
627 2440 684 2480 vel
714 2447 854 2493 sponte
886 2441 1170 2493 exprimendas,
1202 2444 1358 2493 praeter
1379 2439 1565 2479 musicam
1587 2437 1714 2477 addita
1736 2442 1797 2476 est

279 2509 543 2558 saltatio1).

392 2578 473 2625 Qua
519 2590 561 2618 re
607 2590 657 2618 ne
695 2580 954 2627 offendamur,
1000 2591 1088 2618 cum
1127 2579 1226 2630 apud
1259 2582 1416 2618 nostros
1449 2577 1626 2616 homines
1657 2576 1797 2615 saltare

282 2645 375 2685 nihil
407 2649 486 2685 fere
517 2647 567 2686 sit
597 2649 710 2696 aliud,
757 2661 871 2700 quam
918 2648 964 2687 ad
1011 2652 1137 2687 certos
1179 2647 1367 2699 quosdam
1398 2657 1584 2689 numeros
1615 2645 1797 2685 incedere

375 2821 399 2861 ¹)
425 2820 539 2852 Serv.
568 2821 606 2853 ad
633 2821 762 2863 Vergil.
791 2822 860 2854 Ecl.
886 2823 927 2855 V.
953 2822 1004 2855 73.
1058 2823 1182 2855 Cantas
1211 2821 1257 2854 ad
1277 2823 1442 2862 animum,
1468 2821 1603 2854 saltatio
1627 2821 1673 2854 ad
1694 2822 1796 2854 mobi-

282 2876 412 2908 litatem
433 2879 576 2921 pcrtz'nel
600 2881 755 2922 corporis.
