2014 3204
762 250 818 266 -
875 235 957 278 233
1015 258 1071 266 --

156 350 369 394 admodum
410 352 641 403 vidimus¹)‚
685 353 861 406 neglecta
910 353 1153 406 singularum
1198 366 1460 407 personarum
1496 355 1676 408 proprie-

149 416 258 470 itate,
299 427 404 463 certa
443 423 638 475 quaedam
676 433 865 474 genera
886 423 1100 467 larvarum
1142 423 1404 474 expressisse,
1445 423 1588 475 quibus
1628 424 1676 466 ab

155 489 271 532 initio
310 491 465 532 fabulae
506 504 631 544 usque
670 490 718 530 ad
757 490 879 530 finem
918 496 1072 531 actores
1112 496 1332 532 uterentur.

271 559 612 607 Quemadmodum
653 566 786 600 autem
824 564 989 612 propter
1036 559 1231 600 larvarum
1280 572 1397 600 usum
1438 561 1677 602 Graecorum

153 626 333 679 tragoedi
360 628 403 669 in
434 628 585 680 agendo
616 628 798 668 carebant
828 628 960 668 vultus
988 627 1150 676 auxilio,
1183 627 1239 668 sic
1259 629 1379 668 ceteri
1408 642 1566 681 quoque
1587 641 1678 669 cor-

155 696 266 749 poris
305 703 439 737 motus
477 697 648 737 maxime
688 701 801 737 erant
841 696 1001 736 coerciti
1050 696 1274 749 ponderoso
1323 697 1389 736 illo
1438 698 1678 738 histrionum

154 768 365 816 apparatu‚‘
392 777 472 818 quo
501 766 735 818 Aeschylum
766 765 1075 804 memoravimus
1104 766 1153 805 ad
1181 765 1508 818 magnificentiam
1540 770 1579 805 et
1608 766 1677 805 de-

152 840 289 872 corem
323 834 547 886 augendum
582 833 819 873 instruxisse
854 833 1122 884 histriones2).
1181 833 1284 883 Quid
1315 833 1454 874 enim?
1489 833 1610 874 Celsis
1630 834 1679 873 il-

153 899 222 947 lis,
261 901 405 954 quibus
445 901 679 950 utebantur,
720 902 860 942 calceis
907 913 1041 943 nonne
1079 902 1291 943 incedendi
1330 901 1490 943 libertas
1529 903 1676 943 mirum

155 974 353 1022 quantum
395 965 704 1023 impediebatur,
751 975 797 1010 ut
835 971 895 1011 vel
944 969 1216 1011 difficillimum
1256 977 1363 1012 esset
1401 983 1483 1011 non
1524 971 1676 1012 cadere.

159 1036 273 1085 Quod
312 1051 445 1091 quam-
472 1051 554 1079 non
593 1051 682 1080 raro
721 1039 871 1079 factum
911 1039 976 1085 sit,
1015 1040 1203 1091 permulti
1237 1040 1292 1080 illi
1328 1041 1472 1080 docent
1504 1043 1545 1079 et
1579 1040 1675 1079 alio-

149 1116 241 1146 rum
276 1112 317 1147 et
351 1106 513 1148 Luciani
548 1108 636 1158 loci,
668 1107 812 1160 quibus
847 1107 977 1155 simul,
1018 1119 1135 1160 quam
1165 1109 1203 1148 id
1239 1108 1449 1149 ridiculum
1480 1121 1677 1161 quamque

158 1179 276 1227 turpe
309 1175 445 1223 fuerit,
484 1175 720 1217 describitur
731 1175 776 1226 ³).
836 1173 974 1223 Quid?
1013 1176 1142 1228 Ipsius
1181 1178 1357 1230 corporis
1398 1189 1494 1218 num
1535 1190 1676 1230 magna

154 1248 431 1295 poteratresse
463 1245 615 1297 agilitas
651 1251 768 1297 atque
803 1243 1012 1292 mobilitas,
1047 1258 1137 1286 cum
1170 1250 1308 1298 pectus
1339 1258 1385 1285 ac
1417 1252 1554 1287 venter
1581 1258 1676 1299 pro-

150 1310 345 1351 sternidio
374 1312 441 1352 illo
471 1318 512 1353 et
541 1314 802 1365 progastridio
833 1326 951 1366 supra
983 1319 1164 1355 naturam
1191 1315 1296 1354 haud
1318 1315 1571 1355 mediocriter
1590 1328 1677 1355 am-

151 1378 451 1431 plificarentur?
492 1379 627 1428 Quid?
674 1382 819 1435 Capitis
860 1388 981 1422 nutus
1021 1388 1062 1422 et
1099 1383 1300 1423 inclinatio
1340 1395 1474 1423 nonne
1512 1391 1676 1437 propter

153 1458 368 1499 personam
398 1450 585 1490 naturalis
616 1450 901 1502 magnitudinis
924 1451 1087 1492 modum
1107 1451 1224 1503 longe
1243 1458 1497 1503 superantem
1518 1465 1674 1492 summa

149 1515 333 1556 cautione
374 1523 485 1557 erant
524 1517 746 1558 adhibenda
760 1517 826 1569 Ψ.)
870 1519 1051 1572 Denique
1090 1531 1233 1560 manus
1280 1532 1456 1573 quoque,
1506 1533 1673 1574 quarum

150 1589 262 1624 tanta
290 1590 349 1624 est
378 1585 425 1625 ad
455 1586 694 1627 imitandum
722 1587 792 1634 vis,
829 1593 873 1627 ut
906 1594 1013 1628 recte
1047 1601 1117 1628 eae
1152 1588 1335 1629 dicantur
1369 1589 1674 1642 loquacissimae

151 1653 443 1706 peculiarisque
478 1654 525 1694 ab
560 1655 609 1695 iis
644 1656 836 1708 appellata
872 1657 923 1696 sit
959 1669 1021 1696 ars
1050 1658 1394 1711 (χειρονομία)5),
1424 1669 1558 1698 nonne
1588 1671 1673 1697 ma-

146 1732 243 1770 nus,
274 1721 448 1774 inquam,
489 1723 671 1763 credibile
707 1730 779 1771 est,
822 1724 987 1764 manicis
1026 1725 1115 1774 illis,
1151 1739 1251 1778 quas
1294 1726 1428 1774 dixi⁶),
1468 1726 1672 1778 paululum

154 1801 240 1829 esse
278 1789 524 1843 impeditas?

240 1985 264 2028 ¹)
290 1987 344 2020 Do
367 1987 573 2032 Aeschyli
596 1999 641 2022 re
666 1989 872 2023 scaenica.
920 1990 1006 2023 Pars
1029 1991 1067 2024 ll.
1091 2002 1123 2034 p.
1148 1992 1226 2024 203.

236 2043 261 2085 ²)
287 2043 346 2077 De
369 2045 572 2089 Aeschyli
597 2057 641 2079 re
666 2047 868 2080 scaenica.
908 2047 993 2080 Pars
1018 2048 1053 2081 ΙΙ.
1080 2059 1110 2092 p.
1138 2049 1201 2083 192
1225 2059 1296 2092 sqq.

236 2101 263 2143 ³)
287 2101 456 2136 Lucian.
485 2103 593 2136 Gall.
619 2116 647 2136 c.
675 2105 728 2136 26.
753 2103 903 2138 ἐπειδὰν
927 2105 1109 2146 πέσωσιν,
1146 2102 1271 2150 ὅμοιοι
1293 2102 1453 2150 μάλιστα
1478 2111 1670 2152 φαίνονται

143 2161 218 2196 τοῖς
240 2161 427 2204 τραγικοῖς
445 2158 655 2207 ὑποκριταῖς
678 2153 728 2194 ὧν
751 2159 909 2200 πολλοὺς
932 2162 1024 2197 ἰδεῖν
1046 2162 1123 2196 ἔστι
1147 2164 1231 2201 τέως
1251 2163 1319 2208 μὲν
1342 2167 1538 2212 Κέκροπας
1555 2165 1671 2207 δῆθεν

141 2213 249 2254 ὄντας
273 2213 294 2259 ἢ
316 2213 505 2263 Σισύφους
529 2213 550 2260 ἢ
580 2218 775 2263 Τηλέφους,
800 2217 1001 2264 διαδήματα
1026 2218 1170 2264 ἔχοντες
1193 2221 1255 2253 καὶ
1278 2222 1365 2266 ξίφη
1388 2220 1669 2267 ἐλεφαντόκωπα

141 2272 204 2306 καὶ
236 2271 448 2308 ἐπίσειστον
480 2271 599 2319 κόμην
626 2273 799 2319 χλαμύδα
820 2272 1097 2322 χρυσόπαστον·
1129 2274 1175 2320 ἢν
1198 2276 1256 2319 δὲ,,
1296 2271 1356 2309 οἷα
1379 2276 1497 2312 πολλὰ
1520 2281 1669 2323 γίνεται,

140 2325 406 2373 κενεμβατήσας
430 2341 484 2368 τις
507 2329 626 2366 αὐτῶν
648 2331 688 2366 ἐν
709 2332 804 2379 μέσῃ
827 2334 871 2378 τῇ
894 2332 1011 2378 σκηνῇ
1025 2334 1229 2381 καταπέσῃ,
1252 2337 1386 2379 γέλωτα
1402 2333 1536 2378 δηλαδὴ
1557 2336 1669 2382 παρέ-

136 2397 197 2429 χει
219 2387 295 2422 τοῐς
318 2389 467 2424 θεαταῖς
490 2387 556 2420 τοῦ
578 2391 817 2434 προσωπείου
839 2389 908 2434 μὲν
932 2391 1175 2437 συντριβέντος
1199 2389 1296 2436 αὐτῷ
1323 2387 1526 2437 διαδήματι,
1554 2389 1668 2437 ᾑμαγ-

141 2443 253 2487 μένης
275 2443 312 2478 δὲ
337 2444 398 2486 τῆς
422 2441 581 2486 ἀληθοῦς
603 2447 759 2490 κεφαλῆς
782 2446 846 2479 τοῦ
870 2443 1074 2493 ὑποκριτοῦ
1099 2450 1161 2481 καὶ
1183 2449 1253 2482 τῶν
1268 2450 1402 2484 σκελῶν
1417 2450 1479 2484 ἐπὶ
1494 2446 1589 2482 πολὺ
1605 2461 1667 2492 γυ-

141 2492 359 2544 μνουμένων
382 2499 429 2538 ὠς
452 2502 515 2544 τῆς
539 2513 574 2536 τε
598 2502 752 2544 ἐσθῆτος
777 2500 821 2536 τὰ
844 2502 1003 2539 ἔνδοθεν
1025 2507 1223 2549 φαίνεσθαι
1250 2504 1356 2554 ῥάκια
1394 2504 1552 2549 δύστηνα
1576 2503 1666 2539 ὄντα

142 2557 203 2588 καὶ
225 2557 295 2590 τῶν
317 2556 508 2605 κοθόρνων
530 2558 595 2601 τῆν
618 2556 795 2594 ὑπόδεσιν
811 2557 1073 2606 ἀμορφοτάτην
1086 2564 1148 2596 καὶ
1166 2560 1207 2597 οὗ
1224 2562 1316 2597 κατὰ
1333 2559 1444 2608 λόγον
1458 2562 1520 2596 τοῦ
1537 2559 1665 2599 ποδός.

142 2613 370 2650 Anachars.
394 2625 423 2648 c.
447 2615 503 2648 23.
527 2616 687 2658 Nigrin.
712 2628 741 2649 e.
771 2617 822 2651 11.

233 2668 261 2710 ⁴)
286 2668 340 2702 De
364 2671 571 2716 Aeschyli
596 2684 639 2706 re
663 2674 867 2707 scaenica.
891 2673 978 2708 Pars
1000 2675 1040 2709 11.
1066 2687 1094 2718 p.
1121 2674 1198 2708 204.

234 2727 260 2768 ⁸)
285 2726 334 2760 ef.
359 2727 528 2762 Lucian.
555 2731 599 2762 de
624 2731 769 2764 saltat.
795 2742 823 2763 c.
848 2731 903 2766 63.
925 2728 1070 2775 Ἀκούω,
1096 2730 1280 2779 ἄνθρωπε,
1306 2731 1329 2767 ἃ
1353 2736 1488 2776 ποιεῖς,
1506 2733 1574 2779 οὐχ
1589 2733 1665 2778 ὁρῶ

140 2778 267 2829 μόνον,
291 2780 384 2818 ἀλλά
407 2797 472 2829 μοι
494 2786 607 2824 δοκεῖς
630 2791 710 2825 ταῖς
718 2787 999 2835 χερσὶνζαῦταῖς
1025 2791 1154 2824 λαλεῖν.
1180 2790 1515 2833 sommorbrodt,
1540 2793 1581 2826 de
1598 2793 1663 2826 tri-

141 2841 224 2884 plici
248 2842 525 2885 pantomimorum
547 2854 683 2885 genere.
709 2846 880 2887 [Scaenica
906 2858 936 2889 p.
962 2847 1032 2889 40.]

230 2898 257 2939 θ)
283 2899 336 2931 De
359 2900 561 2943 Aeschyli
585 2911 628 2933 re
654 2903 858 2935 scaenica.
908 2903 990 2936 Pars
1015 2903 1050 2936 lt.
1079 2915 1108 2946 p.
1138 2904 1209 2937 198.
