2014 3204
774 262 1082 303 —167—

174 371 317 426 fabulis
362 383 440 436 egit
482 386 621 436 partes.
694 380 866 421 Athen.
912 378 1054 424 1.‚21.
1093 390 1125 418 c.
1172 408 1182 417 .
1228 409 1236 417 .
1282 373 1536 431 ὑπεκρίνετο
1580 376 1686 428 γοῦν

176 453 422 506 (Aeschylus)
451 449 565 506 μετὰ
586 450 667 491 τοῦ
695 446 862 496 εἷκότος
890 446 945 488 τὰ
975 443 1189 501 δράματα.
1248 447 1455 487 Aristot.
1486 446 1682 487 Rhetor.

173 522 239 564 ΠΙ.
272 523 309 563 1.
340 518 628 573 ὑπεκρίναντο
659 513 786 559 αὐτοὶ
813 514 890 564 τὰς
918 513 1163 571 τραγῳδίας
1194 512 1238 556 οἳ
1268 512 1453 570 ποιηταὶ
1481 515 1532 556 τὸ
1564 515 1685 571 πρῶ-

173 604 262 632 τον.
322 590 426 631 Vita
463 588 687 642 Sophocl.
729 583 870 627 πάλαι
906 583 989 638 γὰρ
1025 582 1098 624 καὶ
1139 581 1162 625 ὁ
1200 583 1385 638 ποιητὴς
1420 581 1683 640 ὑπεκρίνατο

174 657 318 709 αὑτός.
376 659 527 712 Itaque,
559 643 891 711 quemadmodum
921 659 1011 694 ante
1041 666 1130 694 eum
1162 652 1342 706 Thespis,
1372 653 1560 702 Pratinas,
1591 654 1683 695 Car-

174 729 305 776 cinus,
335 726 592 780 Phrynichus,
621 731 771 778 poetae‚
802 723 903 777 quod
935 722 1044 763 chori
1076 723 1280 763 etiamtum
1311 728 1392 763 erat
1421 723 1682 776 principatus,

172 798 386 840 maximam
416 796 525 837 chori
558 807 692 835 curam
722 793 961 841 habuerunt,
997 804 1160 845 eamque
1189 792 1238 832 oh
1269 804 1368 841 rem,
1397 804 1488 832 cum
1518 792 1683 833 saltandi

171 866 439 923 postissimum
482 869 607 906 artem
645 863 885 910 excolerent,
932 860 1122 902 nominati
1169 866 1262 901 sunt
1296 861 1499 901 saltatores
1540 858 1684 916 (ὀρχη-

172 930 273 979 σταί
284 937 329 987 ¹),
350 936 408 976 sic
426 934 646 987 Aeschylus,
677 944 759 973 non
780 932 956 983 neglecta
975 936 1120 977 tamen,
1140 935 1185 970 ut
1204 930 1437 978 videbimus,
1466 930 1681 979 saltatione,

169 1005 401 1047 histrionum
441 1004 539 1047 arti,
574 1002 684 1043 cuius
723 1002 801 1042 iam
838 1001 962 1041 maior
1002 1012 1088 1040 esse
1117 999 1245 1052 coepit
1273 999 1332 1040 vis
1363 1005 1478 1053 atque
1509 1000 1665 1041 auctori-

168 1081 239 1123 tas,
268 1086 465 1115 summam
494 1071 686 1125 impendit
715 1083 886 1124 operam.
946 1070 1093 1110 Eorum
1124 1073 1278 1117 autem,
1317 1081 1416 1122 quos
1455 1074 1610 1122 praeter
1639 1082 1681 1110 se

170 1144 368 1192 adhibuit,
405 1148 582 1183 actorum
617 1141 777 1182 nomina
815 1141 864 1180 ad
899 1151 973 1180 nos
1003 1145 1265 1192 pervenerunt
1294 1138 1499 1192 Mynisci
1530 1139 1680 1180 Chalci-

170 1213 303 1255 densis
354 1219 394 1254 et
444 1211 737 1260 Cleandri2).
812 1208 941 1261 (Vita
985 1208 1211 1261 Aeschyli
1255 1205 1466 1262 ἐχρήσατο
1511 1204 1562 1248 δὲ
1605 1209 1680 1250 καὶ

169 1277 398 1341 ὑποκριτῇ,
443 1280 617 1335 πρῶτον
659 1278 737 1333 μὲν
779 1276 1032 1332 Κλεάνδρῳ,
1078 1274 1233 1318 ἔπειτα
1277 1275 1326 1317 δὲ
1370 1275 1442 1317 καὶ
1479 1275 1681 1333 δεύτερον

170 1347 287 1407 αὑτῷ
322 1351 530 1406 προσῆψε
570 1349 801 1389 Μυνίσκον
838 1345 915 1387 τὸν
950 1345 1210 1400 Χαλκιδέα).
1277 1345 1424 1393 Quodsi
1463 1348 1677 1400 quaeritur,

169 1433 266 1474 quas
293 1425 425 1474 partes
465 1419 520 1460 illi
556 1416 821 1470 susceperint,
861 1415 1070 1455 verisimile
1106 1421 1181 1462 est,
1220 1416 1314 1455 dum
1344 1415 1556 1468 Aeschylus
1593 1417 1678 1470 ipse

168 1495 279 1530 actor
304 1489 480 1542 prodiret
509 1489 549 1530 in
580 1497 775 1533 scaenam,
806 1485 888 1525 solo
910 1485 1099 1525 Cleandro
1131 1497 1221 1524 eum
1251 1497 1366 1524 usum
1397 1485 1532 1534 fuisse,
1564 1485 1678 1539 eique

168 1558 286 1600 modo
328 1558 532 1611 primarias
577 1556 730 1597 dedisse
773 1560 927 1608 partes,
973 1554 1090 1594 modo
1135 1554 1401 1604 secundarias,
1447 1555 1677 1597 adiunctum

167 1632 299 1667 autem
340 1639 427 1667 esse
455 1626 672 1678 Myniscum
703 1623 1058 1676 deuteragonistam
1088 1636 1134 1663 eo
1164 1629 1360 1677 tempore,
1402 1637 1480 1677 quo
1510 1625 1678 1678 Aeschy-

163 1695 225 1737 lus
262 1695 465 1749 Sophoclis
501 1695 724 1747 exemplum
760 1699 917 1734 secutus
954 1706 974 1734 a
1018 1705 1156 1734 scaena
1201 1698 1240 1733 et
1283 1693 1366 1746 ipse
1409 1694 1617 1734 recesserit
1630 1694 1676 1745 ⁸).

163 1764 261 1806 Nam
289 1764 576 1817 tritagonistam
607 1764 837 1804 alterutrum
867 1763 1009 1810 fuisse,
1041 1763 1100 1802 vel
1130 1776 1175 1803 eo
1204 1763 1309 1803 haud
1338 1762 1538 1815 probabile
1567 1763 1676 1804 vide-

165 1837 249 1880 tur,
286 1833 393 1885 quod
428 1832 633 1872 tertiarum
664 1832 835 1884 partium
865 1837 1016 1872 actores
1047 1836 1115 1872 aut
1146 1844 1348 1886 nunquam
1380 1838 1446 1872 aut
1476 1845 1557 1872 non
1587 1832 1674 1873 sine

164 1900 293 1954 aliqua
320 1901 541 1952 irrisione⁴)
573 1901 843 1949 nominantur,
872 1900 1089 1953 Myniscum
1108 1906 1250 1944 ‘autem
1278 1901 1383 1941 haud
1414 1907 1675 1942 contemnen-

165 1969 260 2010 dum
304 1969 426 2011 fuisse
469 1977 640 2011 actorem
686 1970 891 2022 perspicue
933 1970 1172 2022 intellegitur
1216 1983 1263 2010 ex
1306 1970 1503 2010 Aristot.
1541 1971 1672 2011 Poet.

163 2037 309 2079 XXVII.
341 2039 378 2079 4.
409 2035 435 2094 ἦ
465 2037 545 2093 μὲν
574 2034 650 2079 οὖν
682 2036 900 2095 τραγῳδία
920 2035 1098 2094 τοιαύτη
1128 2034 1262 2089 ἐστίν,
1294 2035 1356 2087 αἱς
1385 2038 1457 2079 καὶ
1490 2037 1532 2080 οἱ
1563 2038 1671 2095 πρό-

160 2120 278 2162 τεροι
316 2104 418 2156 τούς
452 2105 674 2157 τοιούτους
712 2106 916 2164 ὑστέρους
952 2102 1095 2152 αὐτῶν
1132 2106 1266 2164 ᾤοντο
1306 2103 1566 2164 ὑποκριτάς·
1612 2105 1674 2159 οἷς

255 2307 278 2349 ¹)
301 2306 450 2342 Athen.
475 2307 500 2341 Ι.
525 2308 578 2342 22.
603 2319 632 2342 a.
659 2309 753 2354 φασὶ
777 2308 818 2344 δὲ
840 2309 900 2344 καὶ
924 2306 977 2343 ὅτι
1001 2309 1035 2342 οἱ
1057 2306 1201 2356 ἀρχαῖοι
1228 2310 1374 2353 ποιηταὶ
1400 2309 1547 2353 Θέσπις,
1571 2312 1672 2355 Πρα-

159 2365 276 2406 τίνας,
299 2366 473 2410 Κρατῖνος
496 2368 687 2413 (Καρκίνος
710 2368 900 2402 emendavit
923 2367 1094 2401 Bentleius
1118 2368 1158 2401 de
1182 2367 1315 2401 Phalar.
1340 2379 1370 2411 p.
1395 2368 1461 2402 278
1485 2369 1537 2402 ed.
1562 2368 1672 2413 Lips.)

160 2416 341 2467 Φρύνιχος
363 2418 537 2469 ὀρχησταὶ
559 2423 749 2459 ἐκαλοῦντο
774 2423 834 2459 διὰ
858 2424 898 2458 τὸ
922 2423 972 2470 μὴ
996 2421 1115 2471 μόνον
1144 2422 1190 2458 τὰ
1217 2424 1354 2460 ἑαυτῶν
1383 2422 1551 2473 δράματα
1583 2424 1672 2459 ἀνα-

161 2480 283 2525 φέρειν
311 2480 363 2518 εἰς
390 2478 541 2525 ὄρχησιν
567 2484 630 2516 τοῦ
655 2484 789 2529 χοροῦ,
818 2481 908 2517 ἀλλὰ
936 2484 996 2517 καὶ
1019 2483 1084 2522 ἔξω
1106 2483 1181 2517 τῶν
1205 2482 1306 2517 ἰδίων
1327 2478 1542 2528 ποιημάτων
1564 2478 1669 2516 διδά-

136 2544 261 2571 «σκειν
283 2539 356 2574 τοῖς
377 2539 612 2584 βουλομένοις
634 2537 835 2584 ὀρχεῖσθαι.

249 2593 278 2638 ²)
299 2595 347 2629 De
371 2595 503 2638 Oeagro
529 2606 594 2628 non
622 2601 767 2639 constat,
790 2602 903 2631 utrum
926 2598 957 2632 is
981 2597 1156 2642 Sophoclis
1180 2609 1221 2632 au
1244 2598 1408 2643 Aeschyli
1432 2597 1537 2632 fuerit
1561 2603 1666 2632 actor.

162 2649 211 2684 Cf.
235 2651 348 2686 Schol.
371 2653 492 2687 Venet.
517 2653 622 2688 Arist.
650 2655 750 2699 vesp.
777 2656 852 2689 564.
879 2657 955 2690 577.

251 2708 281 2752 ³)
304 2710 402 2745 vita
431 2710 621 2755 Sophocl.
670 2713 818 2760 πρῶτον
844 2712 914 2760 μὲν
942 2711 1143 2751 καταλύσας
1164 2710 1229 2758 τὴν
1251 2710 1448 2762 ὑπόκρισιν
1471 2714 1534 2748 τοῦ
1559 2725 1665 2758 ποιη-

159 2766 222 2800 τοῦ
247 2763 307 2800 διὰ
336 2765 400 2811 τὴν
429 2767 526 2801 ἰδίαν
555 2770 813 2814 ἰσχνοᾳωνίαν.
868 2771 940 2815 Qua
968 2772 1070 2806 venia
1100 2773 1178 2817 quin
1202 2778 1318 2816 postea
1350 2773 1453 2807 etiam
1476 2773 1665 2817 Aeschylus

158 2834 240 2858 usus
264 2825 320 2866 sit,
342 2824 491 2859 dubitari
514 2826 575 2860 vix
599 2832 723 2871 potest.

249 2881 275 2923 ⁴)
311 2881 496 2917 Notissima
522 2889 600 2918 sunt
629 2895 712 2929 quae
748 2886 867 2930 probra
905 2887 940 2920 in
974 2887 1225 2930 tritagonistam
1261 2888 1501 2922 Demosthenes
1538 2887 1668 2932 passim.

163 2939 308 2973 coniecit
334 2939 383 2976 Cf.
408 2950 437 2983 p.
465 2941 537 2975 133.
