2014 3204
762 236 1073 278 —181-

154 356 302 408 quanta
341 353 519 394 saevitia!
559 353 656 402 Quis
694 365 871 406 unquam
911 352 984 393 sibi
1020 353 1294 406 persuadebit,
1335 354 1433 394 haec
1467 354 1584 395 verba
1622 361 1683 395 tot

154 427 319 476 tamque
348 422 523 479 diversis
543 420 728 465 sensibus
746 421 882 474 ”plena
924 421 1011 462 sine
1050 423 1126 463 ulla
1166 423 1446 476 respiratione,
1484 424 1570 464 sine
1607 423 1684 464 ulla

157 485 441 539 haesitatione,
484 502 567 532 uno
604 496 743 531 tenore
786 502 873 531 esse
910 489 1207 543 pronunciata?
1251 491 1330 532 Aut
1368 492 1478 532 omni
1521 492 1684 532 artificio

155 559 295 600 aetatis
339 558 444 599 illius
482 558 698 599 histriones
738 556 913 598 caruisse
941 559 1110 611 putandi
1139 565 1255 605 sunt,
1287 565 1354 600 aut
1394 560 1496 601 hanc
1537 570 1683 612 oppor-

156 627 367 668 tunitatem
390 627 720 679 Clytaemnestrae
741 632 915 668 actorem
935 639 1018 668 non
1038 629 1412 682 praetermissurum
1442 629 1565 669 fuisse
1596 627 1685 681 opi-

156 709 252 745 nor,
288 696 502 750 quominus
542 695 695 747 singula
732 693 915 748 deinceps
945 696 998 736 ita
1028 696 1288 749 exprimeret,
1328 703 1371 737 ut
1410 696 1508 738 haec
1537 696 1684 744 omnia,

132 765 303 819 -quibus
340 764 403 805 vix
439 763 654 817 quidquam
692 763 739 803 ad
779 764 1108 817 Clytaemnestrae
1143 777 1278 806 mores
1316 764 1587 819 depingendos
1625 769 1687 805 est

156 834 308 889 aptius,
338 831 628 887 spectatoribus
657 832 901 885 patefierent.
958 833 1096 874 Videte
1127 833 1266 882 modo,
1299 835 1500 887 quomodo
1531 834 1686 886 singula

154 915 200 944 se
239 901 442 955 excipiant.
512 902 658 942 Servus
696 913 786 942 cum
824 901 1000 954 Aegisthi
1042 914 1182 944 necem
1213 903 1469 944 nuntiaturus
1500 902 1568 943 diu
1595 901 1685 943 fru-

155 977 236 1012 stra
271 971 623 1024 Clytaemnestram
664 982 711 1010 ex
754 971 862 1023 regia
901 977 1126 1019 evocasset,
1171 973 1302 1025 prodit
1346 971 1506 1013 tandem
1550 971 1685 1024 regina

155 1045 360 1093 rogatura,
410 1052 510 1092 quae
554 1044 760 1080 tantorum
809 1039 1024 1080 clamorum
1071 1041 1122 1081 sit
1166 1052 1293 1082 causa.
1369 1041 1472 1082 Tum
1511 1040 1574 1081 ille
1616 1052 1681 1080 re-

156 1109 357 1163 spondens
650 1110 654 1112 ’

243 1177 246 1179 ’
404 1175 479 1218 τὸν
512 1175 650 1224 ζῶντα
680 1179 849 1219 καίνειν
878 1177 979 1225 τοὺς
1007 1174 1273 1232 τεθνηκότας
1302 1176 1413 1229 λέγω

157 1247 331 1289 discedit.
408 1245 522 1295 Quod
576 1258 667 1287 cum
719 1246 931 1287 audivisset
978 1246 1285 1299 Clytaemnestra
1329 1247 1504 1300 primum
1549 1246 1686 1287 dolore

158 1320 336 1368 correpta

406 1382 449 1423 οἳ
479 1380 565 1433 ἐγώ

161 1452 371 1500 exclamat3
401 1450 493 1491 dein
514 1463 560 1490 ex
591 1450 720 1491 verbis
751 1451 835 1491 eius
867 1452 1044 1504 quamvis
1077 1451 1381 1503 obscurissimis,
1413 1454 1507 1507 quid
1537 1453 1685 1494 factum

152 1521 221 1568 sit,
251 1520 433 1562 divinans
479 1539 483 1542 ·

407 1586 565 1642 ξυνῆκα
595 1582 760 1636 τοῦπος
789 1586 836 1635 ἐξ
866 1585 1140 1642 αἰνιγμάτων

155 1658 236 1700 iam
266 1668 422 1711 poenae
453 1656 688 1698 certitudine
719 1669 763 1698 ac
791 1657 1012 1711 praesentia
1043 1661 1282 1712 stupefacta:

402 1722 554 1774 δόλοις
584 1720 821 1780 ὄλούμεθ’,
853 1721 1002 1782 ὥσπερ
1034 1722 1109 1768 οὖν
1138 1726 1391 1782 ἐκτείναμεν

155 1795 315 1837 tandem
346 1794 557 1847 aliquando
584 1795 753 1836 horrore
782 1796 961 1849 perculsa
990 1796 1139 1837 corruit
1170 1796 1315 1844 anime,
1348 1809 1450 1849 quae
1481 1808 1689 1850 nunquam

155 1863 437 1918 trepidaverat,
477 1868 517 1904 et
553 1863 667 1916 quasi
703 1864 833 1904 ferrea
864 1864 1148 1917 aliquantisper
1175 1865 1314 1906 haeret
1342 1866 1500 1907 sceleris
1532 1866 1689 1906 consci-

158 1933 263 1974 entia
294 1944 498 1986 oppressa.
559 1931 702 1980 Tacet,
737 1936 949 1985 tacentque
980 1945 1071 1974 cum
1102 1933 1205 1987 ipsa,
1241 1934 1379 1983 credo,
1418 1935 1690 1987 perterrefacti

158 2006 429 2055 spectatorum
470 2000 602 2041 animi.
669 2000 772 2041 Tum
810 2013 904 2042 vero
944 2002 1056 2054 quasi
1095 2008 1324 2055 experrecta
1354 2008 1392 2043 et
1422 2003 1469 2043 ad
1500 2008 1688 2044 constan-

156 2070 252 2111 tiam
284 2070 414 2110 denuo
443 2070 638 2122 recipiens
669 2070 849 2111 animum
879 2070 1108 2113 saevissima
1138 2070 1299 2117 mulier,
1334 2075 1503 2111 mortem
1546 2070 1687 2111 defen-

157 2152 252 2181 sura
281 2139 451 2181 securim
481 2138 666 2192 postulat,

406 2206 522 2262 Δοίη
552 2221 618 2255 τις
648 2202 927 2262 ἀνδροκμῆτα
956 2205 1146 2248 πέλεκυν
1176 2203 1234 2255 (ὃς
1260 2201 1420 2259 τάχος·

157 2284 205 2319 ut
234 2284 301 2319 aut
329 2276 533 2318 victoriam
563 2281 753 2328 reportet,
783 2282 852 2318 aut
881 2282 921 2316 et
950 2277 1034 2329 ipsa
1064 2276 1165 2316 victa
1196 2276 1323 2316 cadat.
1383 2275 1489 2316 Haec
1519 2275 1554 2315 si
1582 2280 1689 2316 recte

158 2351 328 2400 aguntur
347 2346 414 2402 ita,
445 2350 490 2386 ut
510 2345 794 2386 diversissimae
823 2344 909 2386 illae
938 2346 1060 2386 animi
1089 2344 1424 2398 perturbationes,
1456 2350 1499 2384 ut
1530 2344 1689 2391 doloris,

157 2416 356 2465 horroris,
394 2413 578 2456 saevitiae
608 2413 749 2454 indicia
779 2426 851 2467 per
878 2414 1082 2454 intervalla
1123 2414 1311 2466 deinceps
1352 2417 1587 2466 appareant,
1624 2412 1690 2452 vix

158 2490 317 2539 tempus
347 2485 574 2525 defuturum
607 2496 694 2524 esse
723 2487 844 2536 puto,
883 2496 962 2536 quo
993 2484 1046 2532 is,
1084 2483 1152 2536 qui
1182 2494 1319 2524 servus
1350 2484 1505 2529 fuerat,
1534 2481 1688 2535 Pyladis

159 2555 392 2596 vestimenta
422 2553 574 2594 induat.

272 2622 457 2663 Attamen
503 2626 563 2662 est
602 2620 780 2674 profecto
828 2615 1178 2675 παραχορήγημα
1222 2620 1263 2661 in
1300 2616 1690 2666 Eumenidibus‚

161 2689 277 2731 sicuti
305 2697 411 2731 recte
440 2695 610 2730 testatur
649 2689 813 2730 Schol.
853 2690 953 2730 eod.
991 2689 1156 2730 Medic.
1186 2700 1222 2726 ν.
1254 2687 1336 2728 542
1375 2688 1437 2728 ed.
1468 2686 1597 2728 Franz
1638 2689 1690 2737 (v.

163 2759 245 2798 555
276 2758 337 2798 ed.
368 2758 590 2808 Wellauer).
660 2755 707 2799 ἔν
745 2755 1076 2813 περιχωρήματι
1113 2757 1234 2810 (quod
1273 2761 1506 2808 corruptum
1545 2762 1606 2796 est
1642 2767 1691 2794 ex

163 2825 572 2881 παραχορηγήματι)
602 2823 721 2880 αὐτῷ’
743 2825 858 2867 εἶσιν
887 2823 931 2867 οἳ
949 2823 1265 2880 Ἀρεοπαγῖται
1297 2822 1507 2878 μηδαμοῦ
1537 2822 1691 2864 διαλε-

163 2890 356 2948 γόμενοι.
422 2894 531 2942 Quae
561 2895 696 2935 eadem
730 2894 845 2935 verba
884 2896 1038 2947 egregie
1069 2895 1308 2936 confirmant
1344 2905 1452 2940 eam,
1490 2905 1611 2946 quam
1640 2892 1690 2933 dc
