2014 3204
942 250 1193 290 ,ἠδ-

298 379 386 406 rum
419 372 549 406 autem
582 378 750 406 numero
781 366 890 405 valde
922 365 1144 417 ambigitur.
1206 366 1302 406 Nam
1328 367 1401 406 etsi
1424 367 1568 407 minori
1589 373 1681 408 sunt
1701 369 1826 409 offen-

298 436 358 474 sui
389 435 493 486 quod
527 435 589 473 alii
606 433 631 483 ¹)
662 434 847 474 undecim
868 435 928 473 vel
950 434 1122 474 sedecim
1145 435 1356 474 choreutas
1379 435 1439 475 alii
1452 435 1483 484 ²)
1507 437 1825 488 quattuordecim

297 496 417 542 fuisse
454 503 652 548 referunt,
693 515 774 542 non
811 508 945 542 tamen
983 516 1029 542 ex
1067 503 1175 542 omni
1206 508 1317 554 parte
1347 503 1564 555 composita
1594 504 1750 543 videtur
1777 502 1825 543 lis

298 572 346 610 de
378 571 654 610 choreutarum
688 571 894 610 duodecim
926 583 1094 610 numero
1127 579 1273 611 exorta.
1340 571 1396 610 Cf.
1427 572 1584 610 Auctor.
1617 572 1718 611 vitae
1748 572 1826 611 So-

296 640 423 691 phocl.
458 646 495 678 et
528 639 636 678 Suid.
669 652 700 677 ν.
734 636 925 691 Σοφοκλ.
988 638 1063 677 Sed
1094 644 1183 678 utut
1216 652 1280 679 res
1311 653 1352 679 se
1383 640 1513 684 habet,
1544 645 1589 679 ut
1618 640 1826 680 duodecim

297 712 387 747 ante
418 707 650 758 Sophoclem
684 707 908 746 constiterit
946 707 1145 758 personis,
1187 714 1230 747 ut
1262 707 1541 759 quinquaginta
1573 707 1684 755 (Poll.
1717 707 1826 747 Ono-

298 780 409 814 mast.
442 775 501 814 IV.
530 774 644 828 108),
675 775 715 813 in
738 774 922 813 omnihus
944 779 1121 815 veterum
1150 775 1398 822 testimoniis,
1420 788 1519 827 quae
1541 775 1825 816 accuratiorem

298 844 505 883 exhibeant
536 843 644 882 chori
677 842 882 882 ordinibus
914 842 1091 894 dispositi
1122 844 1440 895 descriptionem,
1479 844 1703 895 quindecim
1735 855 1827 896 per-

297 924 484 951 sonarum
518 912 758 951 mentionem
791 911 876 950 fieri
907 917 1067 950 constat.
1131 912 1172 951 ln
1204 926 1319 964 quem
1353 925 1442 951 cum
1472 917 1510 951 et
1524 908 1610 964 ipsi·
1626 913 1826 964 inquirere

297 992 500 1026 conemur,
534 980 647 1019 nobis
679 980 837 1031 quidem
868 980 927 1019 illa
961 980 1183 1032 disquisitio
1215 980 1393 1020 absoluta
1415 985 1511 1019 esto.
1573 980 1712 1019 Relicti
1734 991 1824 1019 vero

296 1054 390 1088 sunt
420 1053 539 1087 testes
571 1048 625 1088 hi:
996 1094 1013 1107 η

412 1117 508 1155 ΡΟΙΙ.
546 1116 689 1156 Onom.
723 1117 785 1155 lv.
821 1116 911 1155 108.
952 1107 1037 1155 Κὰὶ
1068 1116 1279 1170 τραγικοῦ
1308 1115 1387 1169 μὲν
1418 1115 1548 1168 χοροῦ
1572 1113 1676 1166 ζυγὰ
1697 1115 1827 1156 πέντε

300 1183 346 1224 ἐκ
376 1185 527 1238 τριῶν,
560 1184 633 1224 καὶ
666 1190 837 1235 στοῖχοι
868 1190 983 1238 τρεῖς
1014 1183 1061 1224 ἐκ
1093 1186 1241 1225 πέντε·
1275 1182 1588 1224 πεντεκαίδεκα
1609 1179 1694 1236 γὰρ
1715 1179 1828 1237 ἦσαν

298 1251 320 1293 ὁ
352 1250 495 1307 χορός.
528 1254 601 1292 καὶ
634 1251 743 1292 κατὰ
772 1259 888 1304 τρεῖς
918 1251 997 1305 μὲν
1028 1250 1249 1309 εἰσῄεσαν,
1284 1252 1323 1292 εἰ
1353 1250 1463 1292 κατὰ
1496 1249 1602 1301 ζυγὰ
1629 1253 1825 1302 γίγνοιτο

296 1318 321 1375 ἡ
353 1319 562 1375 πάροδος.
602 1321 642 1360 εἷ
683 1320 732 1361 δὲ
771 1316 883 1360 xasa?
924 1322 1145 1371 στοίχους,
1186 1317 1271 1361 dvo?
1312 1322 1443 1360 πέντε
1473 1313 1691 1371 εἰσῄεσαν.
1723 1316 1821 1359 ἔσθ’

297 1385 370 1430 ὅτε
402 1388 451 1430 δὲ
482 1390 554 1429 καὶ
587 1389 693 1429 καθ’
726 1391 803 1429 ἕνα
833 1387 1067 1429 ἐποιοῦντο
1099 1387 1175 1441 τὴν
1206 1385 1417 1441 πάροδον.

410 1458 582 1497 Photii
614 1458 775 1497 Lexic.
809 1471 842 1496 v.
891 1459 1069 1510 τρίτος
1112 1453 1431 1509 ἀριστεροζῦε
1473 1454 1520 1496 ἓν
1549 1461 1643 1503 τοῖς
1672 1471 1826 1510 τραγι-

297 1532 391 1574 κοῖς
421 1532 569 1579 χοροῖς
599 1525 732 1580 τριῶν
773 1523 911 1566 ὄντων
949 1527 1135 1575 στοίχων
1175 1523 1247 1564 καὶ
1290 1523 1457 1577 (πέντε)
1493 1522 1652 1574 ζυγῶν,
1691 1521 1718 1565 ὅ
1746 1524 1827 1576 μὲν

297 1592 524 1648 ἀριστερὸς
554 1600 727 1645 στοῖχος
759 1609 793 1633 κ.
826 1608 861 1633 τ.
892 1592 929 1633 λ..

411 1664 570 1703 Schol.
604 1663 658 1703 ad
692 1662 844 1701 Arist.
877 1662 1034 1714 Equit.
1069 1675 1103 1700 v.
1138 1659 1231 1699 586.
1293 1661 1455 1700 Schol.
1487 1661 1542 1700 ad
1575 1661 1726 1701 Arist.
1750 1661 1824 1701 Av.

299 1745 331 1771 ν.
362 1731 442 1771 300
484 1731 614 1781 (298).
687 1731 848 1771 Schol.
881 1731 938 1769 ad
969 1730 1142 1769 Aesch.
1176 1727 1430 1768 Eumenid.
1463 1742 1497 1767 v.
1530 1729 1624 1768 575.
1685 1729 1825 1768 Phot.

296 1814 328 1839 v.
361 1794 502 1850 ζυγός.

409 1868 463 1907 Ex
507 1867 567 1907 his
607 1868 700 1908 satis
743 1867 965 1919 expeditum
1008 1871 1046 1905 et
1086 1866 1198 1904 facile
1231 1866 1383 1905 videtur
1413 1866 1521 1905 chori
1562 1866 1696 1917 tragici
1725 1879 1828 1918 quo-

299 1937 416 1976 modo
460 1936 493 1975 is
534 1936 747 1988 dispositus
787 1935 907 1974 fuerit
947 1935 1150 1974 iudiciuin.
1221 1934 1409 1973 Videmus
1455 1935 1557 1974 enim
1601 1935 1827 1986 quindecim
1889 1953 1891 1956 >

298 2007 506 2044 choreutas
548 2005 603 2044 sic
640 2005 870 2051 instructos,
914 2009 958 2043 ut
997 2003 1056 2041 vel
1085 2008 1244 2042 ternum
1283 2003 1458 2055 quinque
1496 2003 1652 2042 ordines
1685 2000 1833 2054 (ζυγὰ).

297 2074 538 2120 incederent,
570 2074 627 2112 vel
659 2072 871 2124 quinorum
905 2077 983 2111 tres
1017 2072 1232 2121 (στοῖχοι).
1297 2071 1372 2110 Sed
1404 2076 1535 2111 tamen
1569 2071 1601 2110 si
1630 2071 1671 2110 in
1692 2070 1827 2123 singu-

296 2143 352 2182 las
394 2143 503 2181 chori
542 2153 731 2193 personas
771 2141 944 2180 animum
987 2139 1246 2186 advertimus,
1286 2152 1385 2191 quae
1414 2140 1563 2179 fuerint
1591 2139 1695 2188 illae,
1727 2153 1827 2192 quae

298 2210 455 2249 nomina
477 2210 697 2256 habuerint,
729 2222 827 2261 quos
848 2208 954 2247 locos
977 2208 1190 2255 tenuerint,
1223 2208 1434 2247 admodum
1458 2208 1664 2248 haerentes
1685 2208 1828 2248 misere

297 2279 528 2318 deserimur.
591 2278 718 2329 Atque
750 2278 934 2317 indoctus
975 2277 1039 2315 ille
1080 2276 1310 2327 compilator
1343 2276 1500 2322 Pollux,
1532 2288 1552 2315 a
1584 2275 1755 2316 Luciano
1785 2275 1827 2315 in

296 2347 502 2386 rhetorum
532 2346 751 2398 praeceptis
783 2358 940 2385 summo
982 2346 1066 2384 iure
1099 2345 1315 2396 exagitatus
1332 2343 1383 2393 3)‚
1421 2349 1546 2384 totam
1577 2356 1659 2384 rem
1691 2344 1827 2396 paucis
1861 2343 1863 2347 ’

298 2416 425 2455 verbis
480 2416 536 2455 sie
581 2414 853 2466 amplectitur,
905 2413 1068 2453 nomina
1112 2418 1267 2453 tantum
1317 2424 1572 2465 percensenS‚
1619 2413 1680 2452 lv.
1731 2413 1824 2453 106.

303 2481 488 2531 Τούτοις
519 2482 559 2523 δ’
591 2481 645 2524 ἂν
673 2480 889 2536 προσήκοι
916 2511 924 2521 .
948 2512 957 2521 .
982 2513 990 2520 .
1016 2513 1024 2520 .
1047 2478 1218 2535 ἡγεμών
1237 2481 1381 2535 χοροῦ,
1413 2486 1656 2534 κορυφαῖος
1675 2479 1824 2535 χοροῦ,

392 2669 415 2708 ¹)
442 2667 587 2701 Tzctzes
614 2668 647 2700 in
674 2667 824 2710 prolegg.
851 2667 891 2698 ad
919 2666 1085 2709 Lyeophr.

391 2724 417 2765 2)
444 2725 556 2757 Schol.
583 2725 720 2768 Dionys.
747 2723 867 2756 Thrac.
894 2724 927 2755 iu
953 2723 1091 2757 Villois.
1117 2723 1245 2756 Anecd.
1271 2721 1309 2754 T.
1337 2721 1373 2754 Π.
1399 2732 1428 2764 p.
1459 2722 1522 2754 178
1547 2726 1582 2754 et
1606 2721 1704 2754 Auct.
1730 2721 1826 2754 vitae

299 2783 474 2825 Aeschyli.

394 2840 417 2878 ³)
448 2839 483 2872 F.
510 2839 634 2881 Rauke,
662 2839 786 2870 Pollux
813 2843 848 2871 et
872 2837 1051 2870 Luciauus.
1105 2836 1345 2878 Quedlinburgi
1375 2836 1471 2869 1831.
