2014 3204
967 237 1275 279 -176—

361 369 446 397 eam
486 355 696 408 tragoediis
734 354 978 404 habendam,
1017 360 1203 409 certoque
1241 356 1365 396 multo
1402 361 1494 396 ante
1535 355 1594 396 Ol.
1636 357 1689 396 77
1725 357 1785 398 vel
1816 356 1868 398 78

359 425 544 478 scriptam
576 437 661 465 esse
691 424 912 476 arbitror1).

473 494 697 547 Sequantur
727 494 927 547 Septem
958 499 1138 535 contra
1167 494 1377 543 Thebas,
1421 493 1464 534 in
1506 493 1647 547 quihus
1683 495 1778 536 haec
1804 495 1868 537 in-

360 562 517 603 venitur
547 567 725 604 actorum
755 563 978 617 dispositio:

1517 643 1678 678 Actorum
1702 654 1869 678 numerus.

519 702 549 742 Ι.
652 702 828 743 Eteocles
859 703 964 743 solus
995 715 1030 742 v.
1065 701 1199 743 1-38
1223 731 1584 742 ......
1646 703 1684 743 1.

520 771 564 811 ΙΙ.
651 771 828 812 Eteocles
858 777 896 812 et
927 772 1089 812 nuntius
1120 785 1154 812 v.
1187 770 1351 812 39-68
1435 802 1444 810 .
1504 801 1513 810 .
1573 801 1583 811 .
1643 772 1682 812 2.

518 839 582 879 III.
648 840 824 880 Eteocles
854 841 961 881 solus
991 854 1024 881 v.
1057 840 1220 880 69-77
1296 870 1583 881 .....
1646 843 1665 881 1

520 908 582 948 IV.
649 909 829 950 Eteocles
860 915 898 950 et
929 910 1080 952 Chorus
1109 924 1143 950 v.
1175 908 1368 950 78—268
1434 940 1443 949 .
1504 941 1513 949 .
1574 940 1583 949 .
1646 910 1683 949 1.

523 980 565 1020 V.
655 979 804 1020 Chorus
834 981 941 1020 solus
972 994 1006 1020 v.
1038 979 1260 1020 269—356
1365 1007 1375 1017 .
1434 1008 1444 1017 .
1505 1007 1515 1018 .
1576 1008 1585 1018 .
1644 980 1682 1019 Ο.

518 1048 577 1090 VI.
653 1048 843 1098 Eteocles,
875 1049 1049 1098 nuntius,
1082 1049 1233 1089 Chorus
1263 1061 1296 1088 v.
1329 1046 1582 1088 357—634.
1641 1046 1680 1087 2.

517 1118 596 1158 VII.
657 1117 833 1158 Eteocles
865 1123 904 1158 et
935 1118 1084 1158 Chorus
1116 1131 1150 1158 v.
1183 1117 1402 1158 635--701
1645 1118 1682 1157 1.

525 1186 617 1227 VIII.
658 1186 806 1227 Chorus
836 1187 942 1227 solus
975 1200 1009 1227 v.
1042 1185 1263 1226 702—773
1296 1214 1585 1226 .....
1644 1186 1693 1225 0.·

518 1256 584 1296 ΙΧ.
657 1255 828 1296 Nuntius
861 1262 899 1296 et
929 1255 1080 1296 Chorus
1109 1268 1145 1295 v.
1178 1253 1398 1296 774-803
1436 1284 1444 1293 .
1507 1283 1517 1294 .
1577 1283 1587 1293 .
1643 1255 1681 1293 .1.

517 1325 551 1364 X
658 1325 807 1365 Chorus
838 1326 944 1365 solus
975 1338 1011 1365 v.
1043 1324 1266 1366 804—843
1294 1351 1584 1364 .....
1643 1322 1682 1362 0.

518 1394 582 1434 XI.
658 1395 865 1446 Antigone,
897 1395 1064 1443 Ismene,
1097 1394 1249 1434 Chorus
1275 1407 1309 1434 v.
1331 1390 1584 1433 844—995.
1644 1391 1680 1430 2.

518 1463 599 1502 XII.
659 1463 864 1515 Antigone,
894 1462 1064 1514 Ismene,
1096 1462 1254 1510 Praeco,
1286 1462 1438 1503 Chorus

755 1546 790 1572 v.
823 1532 1074 1572 996—1044
1156 1558 1583 1572 .......
1644 1528 1679 1569 3.

517 1599 614 1642 ΧΙΠ.
646 1600 851 1652 Antigone,
879 1601 1035 1641 Ismene
1057 1602 1231 1652 (tacent),
1255 1601 1405 1641 Chorus
1427 1612 1460 1640 v.
1485 1599 1591 1639 1045

756 1682 882 1723 usque
913 1671 960 1710 ad
990 1671 1109 1711 finem
1165 1698 1590 1710 .......
1650 1666 1868 1717 2(tacent).

470 1739 596 1786 Quam
626 1738 797 1779 fabulam
828 1738 886 1779 01.
911 1739 977 1787 78,
1011 1740 1046 1779 1.
1077 1739 1119 1780 in
1149 1751 1329 1780 scaenam
1359 1738 1523 1779 delatam
1555 1749 1652 1785 esse,
1682 1747 1764 1776 non
1793 1735 1866 1776 iam

356 1807 602 1861 ambiguum,
644 1821 691 1848 ex
728 1822 805 1861 quo
843 1821 863 1849 a
902 1807 1123 1848 Franzio
1161 1812 1319 1861 reperta
1359 1812 1418 1847 est
1453 1806 1494 1846 in
1533 1806 1665 1846 codice
1695 1805 1868 1846 Mediceo

355 1877 452 1917 haec
480 1876 743 1927 didascalia²):
775 1871 998 1932 ἐδιδάχθη
1029 1875 1105 1917 ἐπὶ
1129 1877 1372 1928 Θεαγένους
1403 1876 1560 1929 (FranZ.
1584 1872 1868 1927 Θεαγενίδου)

349 1943 617 2000 Ὀλυμπιάδι
658 1949 730 2001 οῆ·
770 1944 891 1986 ἐνίκα
934 1947 1092 2000 Λαΐῳ,
1133 1944 1378 1995 Οἷδιπόδι,
1410 1941 1550 1986 εἘπτα
1593 1940 1670 1985 ἐπὶ
1709 1940 1870 1998 Θήβας,

355 2012 520 2070 Σφιγγὶ
560 2015 786 2073 σατυρικῇ·
829 2011 1026 2070 δεύτερος
1049 2009 1282 2070 Ἀριστίων
1313 2008 1555 2069 (Ἀριστίας
1583 2012 1726 2067 Franz)
1760 2015 1873 2067 Περ-

355 2083 449 2133 σεῖ,
503 2081 737 2140 Ταντάλῳ,
786 2082 1062 2132 Παλαισταῖς
1100 2090 1351 2139 σατυρικοῖς
1388 2090 1483 2132 τοῖς
1524 2084 1743 2138 Πρατίνου
1781 2095 1872 2123 πα-

355 2149 471 2207 τρός·
503 2149 645 2208 τρίτος
678 2150 1016 2208 Πολυφράσμων
1047 2152 1408 2209 (Πολυφράδμων
1437 2154 1580 2200 Franz)
1617 2150 1871 2207 Λυκουργία

355 2219 626 2276 τετραλογία.
687 2223 798 2271 Quod
845 2223 1049 2263 inventum
1090 2229 1132 2265 ut
1168 2223 1301 2264 multis
1331 2221 1450 2263 rebus
1480 2221 1627 2262 summi
1657 2229 1717 2262 est
1745 2218 1870 2273 pretii,

355 2291 409 2330 ita
430 2298 589 2332 nostrae
621 2302 778 2345 quoque
807 2293 1072 2346 disquisitioni
1103 2305 1184 2333 non
1215 2291 1413 2333 mediocre
1444 2291 1717 2332 adiumentum
1747 2289 1869 2330 affert.

355 2360 452 2400 Nam
485 2373 574 2400 cum
605 2366 684 2401 tres
716 2362 758 2402 in
788 2361 860 2402 hac
889 2363 1088 2415 tragoedia
1125 2362 1244 2403 simul
1281 2361 1323 2401 in
1360 2373 1497 2401 scaena
1528 2364 1734 2400 versentur
1763 2361 1870 2403 acto-

354 2441 430 2477 res,
462 2429 573 2469 facile
603 2429 858 2482 intellegitur,
888 2431 1118 2484 Aeschylum
1152 2431 1285 2472 statim
1314 2435 1404 2483 post
1433 2429 1614 2483 primam,
1645 2441 1759 2481 quam
1791 2427 1869 2467 So-

356 2497 518 2549 phocles
547 2505 826 2552 reportaverat,
864 2499 1066 2540 victoriam
1099 2501 1181 2549 (77,
1214 2500 1260 2554 4)
1294 2505 1332 2540 et
1359 2499 1491 2552 ipsum
1521 2497 1646 2538 tribus
1675 2495 1869 2537 actoribus

356 2579 475 2607 usum
506 2581 593 2607 esse
624 2568 707 2619 (78,
742 2571 794 2620 1).
856 2568 970 2609 Unde
999 2569 1092 2609 illud
1125 2581 1282 2623 quoque
1312 2568 1505 2614 efficitur,
1542 2566 1617 2607 iam
1652 2566 1695 2607 in
1733 2565 1780 2606 iis
1810 2565 1869 2606 fa—

449 2742 471 2785 ¹)
496 2743 584 2777 Idem
610 2744 743 2777 censuit
766 2744 808 2777 A.
835 2743 891 2778 W.
917 2744 1135 2787 Schlegel,
1164 2746 1395 2788 Vorlesungen
1421 2742 1504 2776 iiber
1522 2741 1744 2776 dramatisehe
1761 2737 1871 2775 Runst

377 2825 384 2833 .
413 2801 488 2834 104.

354 2807 374 2842 p
446 2857 472 2899 2>
497 2858 579 2891 Die
602 2858 899 2893 Didaskali¹e
930 2871 982 2893 zu
1007 2860 1288 2905 Aeschylos
1319 2860 1511 2903 Septem
1542 2862 1716 2892 cont-ra
1748 2856 1870 2892 The-

356 2916 448 2949 bas.
497 2915 607 2948 Berlin
637 2917 733 2951 1848.

2004 2086 2014 2162 l
