2014 3204
900 225 954 231 -
1015 198 1117 247 226⁷
1158 223 1209 229 --

295 316 492 369 aequales,
540 315 757 368 Antigonae
804 316 1058 368 Sophocleae,
1106 328 1186 356 non
1217 316 1415 369 Euripidei
1453 317 1661 358 Phoenicis
1689 323 1820 371 partes

295 385 512 437 sumpsisse
542 385 762 437 legimus1).
825 384 869 423 In
901 397 979 436 quo
1011 396 1094 424 non
1135 385 1266 424 solum
1297 390 1431 424 utrum
1476 391 1588 436 gestu
1633 398 1681 427 an
1726 399 1821 427 voce

293 453 380 505 plus
426 453 621 501 valerent,
668 453 822 506 opinor,
871 451 1151 501 deliberabant,
1195 454 1261 494 sed
1295 454 1412 494 etiam
1443 467 1539 494 num
1571 455 1617 494 ad
1648 456 1821 496 virorum

293 533 342 561 an
372 522 418 562 ad
450 522 663 562 mulierum
693 526 823 574 partes
855 521 1109 561 sustinendas
1140 523 1516 563 accommodatiores
1547 527 1694 572 essent,
1725 535 1822 564 num

294 589 471 630 moribus
518 589 753 630 definiendis
800 602 848 630 an
881 589 1086 630 affectibus
1117 590 1240 630 animi
1272 592 1539 644 exprimendis
1569 592 1692 643 magis
1723 591 1823 631 emi-

293 664 447 706 nerent,
493 658 663 712 denique
707 670 802 698 num
851 658 1071 698 ethicum
1118 671 1235 699 suum
1281 672 1405 711 genus
1451 661 1573 713 magis
1621 665 1727 701 esset
1771 671 1822 700 an

294 726 615 779 patheticum.
677 727 896 777 (Cicero,
929 728 986 767 de
1017 728 1150 767 offic.
1183 728 1211 766 I.
1246 728 1309 768 31.
1356 728 1421 767 illi
1454 732 1552 769 enim
1591 727 1820 783 (histriones)

296 807 374 835 non
405 798 576 847 optimas,
607 795 672 835 sed
701 795 773 835 sibi
801 797 1208 836 accommodatissimas
1238 796 1395 848 fabulas
1424 797 1577 850 eliquat,
1623 800 1691 851 qui
1716 809 1823 837 voce

293 864 389 916 freti
426 871 528 912 sunt,
567 864 753 917 Epiyonos
790 863 1023 917 Medumque,
1070 867 1136 917 qui
1167 872 1296 917 gestu
1342 866 1617 919 Melam'ppam‚
1666 865 1818 917 Clytae-

294 938 516 972 mnestram.
569 933 769 973 Aristot.
792 933 1006 973 RhetorJ
1028 934 1071 973 ΙΙ.
1097 934 1160 973 12.
1182 932 1275 975 ἔστι
1297 934 1346 975 δὲ
1376 933 1492 983 λέξις
1521 932 1712 988 γραφική
1743 932 1824 987 μὲν

294 995 318 1054 ἦ
353 996 664 1055 ἀκριβεστάτη,
698 997 960 1056 ἇγωνιστικὴ
994 1001 1044 1042 δὲ
1074 996 1099 1057 ἦ
1133 999 1525 1057 ὑποκριτικωτοὲτη.
1585 1000 1741 1056 ταύτης
1772 1001 1822 1042 δὲ

294 1067 374 1110 δύο
421 1067 542 1123 εἴδη·
584 1066 722 1124 ἠμὲν
766 1068 848 1124 γὰρ
894 1065 1035 1124 ἠθικὴ
1081 1067 1105 1124 ἡ
1153 1069 1202 1111 δὲ
1232 1070 1475 1126 παθητική.
1540 1067 1612 1112 διὸ
1660 1070 1733 1111 καὶ
1779 1068 1823 1111 οἳ

296 1134 536 1192 ὑποκριταὶ
569 1137 624 1177 τὰ
653 1137 839 1178 τοιαῦτα
869 1138 956 1178 τῶν
987 1137 1224 1192 δραμάτων
1263 1134 1479 1180 διώκουσι
1511 1139 1585 1180 καὶ
1617 1137 1660 1180 οἳ
1690 1153 1823 1193 ποιημ-

294 1206 366 1247 ταὶ
396 1201 501 1253 τούς
530 1203 824 1258 τοιούτους)
861 1206 1155 1247 Adiuvabantur
1185 1213 1316 1247 autem
1349 1220 1408 1254 eo,
1441 1208 1544 1259 quod
1575 1207 1750 1259 tragoedi
1781 1207 1823 1247 in

299 1276 392 1315 solis
439 1275 663 1327 tragoediis,
711 1275 888 1315 comoedi
934 1276 975 1315 in
1021 1276 1112 1315 solis
1151 1276 1366 1316 comoediis
1397 1276 1665 1316 versabantur.
1726 1275 1823 1315 Nam

299 1344 405 1396 quod
438 1344 573 1384 Cicero
604 1343 816 1393 enarratss),
864 1343 1101 1392 „Histrioues
1130 1358 1205 1385 esse
1235 1346 1458 1392 vidimus,
1505 1347 1571 1397 qui
1597 1357 1674 1384 uon
1702 1344 1825 1385 solum

296 1415 337 1452 in
369 1413 629 1452 dissimillimis
654 1415 829 1464 personis
858 1413 1156 1464 satisfaciebant,
1187 1420 1273 1453 'cum
1305 1413 1487 1453 tamenin
1516 1416 1593 1453 suis
1621 1425 1824 1453 versaren-

297 1487 373 1527 tur,
418 1481 481 1521 sed
520 1488 554 1521 et
584 1482 804 1521 comoedum
834 1484 875 1521 in
907 1481 1108 1534 traqoediis
1138 1489 1172 1522 et
1203 1483 1422 1534 traqoedum
1451 1485 1492 1521 in
1523 1482 1722 1522 comoediis
1751 1482 1825 1521 ad-

296 1550 449 1588 modum
475 1550 628 1602 placere
648 1550 843 1590 videmus“
873 1550 947 1589 hoc
977 1550 1023 1589 ad
1047 1550 1244 1590 Ciceronis
1276 1556 1442 1590 aetatem
1474 1557 1534 1589 est
1554 1550 1822 1601 referendum,

297 1630 379 1658 non
425 1618 471 1657 ad
518 1618 722 1671 antiquam
755 1619 993 1658 Graecorum
1033 1631 1228 1658 scaenam.
1295 1619 1403 1658 Haud
1437 1619 1539 1658 enim
1571 1618 1686 1658 credo
1717 1623 1823 1659 recte

297 1686 455 1734 habere,
489 1687 594 1739 quod
627 1687 741 1726 affert
772 1687 990 1727 Scholiasta
1021 1687 1067 1727 ad
1100 1686 1261 1727 Luciani
1292 1687 1374 1726 Jov.
1405 1692 1502 1739 trag.
1535 1700 1567 1726 c.
1600 1687 1649 1735 3.,
1683 1687 1823 1727 Polum

297 1761 337 1794 et
367 1755 671 1801 Aristodemum,
703 1755 983 1795 Demosthenis
1015 1756 1215 1807 aequales,
1253 1756 1293 1796 in
1333 1755 1545 1795 comoediis
1577 1768 1659 1795 non
1690 1755 1823 1795 minus

297 1836 413 1875 quam
442 1824 483 1863 in
514 1824 723 1875 tragoediis
762 1824 857 1864 deos
903 1824 1038 1876 egisse.
1119 1822 1272 1871 Πῶλος
1317 1821 1365 1863 δὲ
1412 1823 1485 1863 καὶ
1510 1821 1825 1879 Ἀριστόδημος

296 1888 535 1946 ὑποκριταὶ
567 1899 848 1947 περιφανεῖς·
880 1887 1166 1947 ὑπεκρίνοντο
1204 1890 1281 1933 οὖν
1326 1890 1373 1932 ἐν
1416 1898 1514 1940 ταῖς
1559 1891 1826 1947 τραγῳδίαις

299 1956 375 2000 καὶ
406 1957 661 2015 κωμῳδίαις
692 1959 792 2009 τούς
822 1958 972 2009 θεούς.

410 2029 643 2070 Transimus
682 2031 728 2070 ad
775 2030 976 2083 potissima
1008 2029 1172 2070 actionis
1203 2029 1415 2082 praesidia,
1458 2029 1601 2081 quibus
1640 2029 1724 2082 ipsa
1763 2041 1824 2069 ars

297 2094 731 2147 continetur‚‘vocen1
764 2104 803 2139 et
834 2104 1015 2139 motum
1046 2099 1104 2139 vel
1134 2097 1386 2150 gestumss).

391 2237 414 2279 ¹)
440 2238 701 2270 Demosthen.
736 2238 781 2270 de
806 2237 910 2271 male
941 2242 1062 2279 gesta
1093 2237 1309 2278 legatione
1340 2248 1370 2280 p.
1407 2237 1483 2270 418.
1531 2236 1641 2269 ταῦτα
1663 2235 1733 2281 μὲν
1755 2233 1825 2281 γὰρ

295 2292 338 2328 τὰ
366 2296 513 2340 ἰαμβεῖα
537 2294 575 2328 ἐκ
599 2288 771 2331 Φοίνικός
795 2294 892 2327 ἐστιν
916 2291 1132 2338 Εὐριπίδου·
1157 2295 1263 2328 τοῦτο
1289 2294 1327 2328 δὲ
1351 2291 1392 2326 τὸ
1419 2294 1542 2339 δρᾶμα
1567 2290 1652 2327 οὐδὲ
1677 2289 1827 2326 πώποτε

297 2349 376 2386 οὔτε
390 2347 576 2396 Θεόδωρος
597 2347 676 2385 οὔτε
686 2346 950 2396 Ἀριστόδημος
969 2349 1219 2398 ὑπεκρίναντο,
1235 2372 1272 2376 -
1290 2348 1379 2385 ἀλλὰ
1395 2347 1538 2385 Μόλων
1554 2347 1747 2396 ἠγωνίζετο
1765 2351 1825 2383 καὶ

298 2411 333 2443 εἴ
346 2421 396 2446 τις
413 2405 519 2446 ι’έλλος
534 2408 606 2442 τῶν
630 2408 796 2442 παλαιῶν
810 2406 1031 2453 ὑποκριτῶν.
1044 2405 1251 2454 Ἀντιγόνην
1266 2409 1302 2443 δὲ
1320 2410 1552 2453 Σοφοκλέους
1574 2406 1744 2444 πολλάκις
1758 2406 1827 2452 μὲν

298 2464 483 2512 Θεόδωρος
505 2464 679 2503 πολλάκις
703 2464 740 2499 δὲ
756 2462 1012 2511 Ἀριστόδημος
1037 2466 1285 2512 ὑποκέκριται.
1311 2465 1349 2499 ἐν
1373 2457 1396 2513 ἧ
1422 2465 1653 2510 πεποιημένα
1679 2466 1824 2509 ἰαμβεῖα

297 2523 414 2559 καλῶς
426 2523 486 2555 καὶ
503 2520 763 2569 συμφερόντως
778 2520 867 2566 ὑμῖν
882 2521 1056 2561 πολλάκις
1079 2520 1184 2562 αὐτὸς
1207 2520 1353 2570 εἰρηκὼς
1375 2523 1436 2556 καὶ
1460 2519 1613 2567 ἀκριβῶς
1636 2516 1823 2561 ἐξεπιστά-

296 2591 405 2624 μενος
428 2580 636 2626 παρέλιπεν.

390 2636 415 2678 ²)
441 2637 497 2669 De
522 2641 699 2670 oratore
723 2636 775 2669 ΙΙΙ.
804 2648 832 2670 c.
859 2637 881 2680 ξ
910 2638 983 2671 109.

389 2693 418 2735 ³)
443 2694 525 2727 Cic.
563 2695 611 2727 de
650 2699 824 2728 oratore
850 2694 874 2727 Ι.
901 2706 929 2727 c.
967 2695 996 2727 5.
1023 2694 1054 2737 ξ.
1082 2696 1134 2729 18.
1193 2695 1356 2738 Qnidego
1391 2693 1431 2726 de
1467 2696 1594 2727 actione
1625 2684 1701 2740 ipsa
1723 2695 1826 2740 plura

298 2751 435 2784 dicam?
459 2762 544 2794 quae
558 2754 677 2784 motu
694 2753 858 2796 eorporis,
882 2762 966 2794 quae
984 2755 1096 2794 gesta,
1122 2763 1206 2795 quae
1226 2752 1329 2794 vultu,
1356 2762 1439 2794 quae
1454 2753 1541 2783 vocis
1558 2754 1828 2796 conformatione

299 2818 338 2839 ac
362 2810 523 2842 varietate
547 2809 755 2841 moderanda
779 2812 849 2842 ost:
874 2820 956 2851 quae
979 2809 1050 2841 sola
1074 2820 1133 2853 per
1157 2821 1192 2841 se
1216 2812 1342 2852 quanta
1364 2811 1422 2850 sit,
1446 2809 1649 2842 histrionum
1666 2809 1749 2842 levis
1765 2820 1825 2843 ars

302 2869 334 2898 et
358 2877 482 2898 scaena
507 2866 661 2899 declarat.
