2014 3204
946 266 1256 312 -148—

399 399 432 428 v.
464 387 559 428 611.
592 387 774 438 (Atossa).

450 450 580 506 Ἀλλ’,
613 452 646 497 ὦ
676 455 818 511 φίλοι,
848 461 999 508 χοαῖσι
1029 454 1178 504 ταῖςδε
1205 457 1418 511 νερτέρων

448 521 672 580 ’Ύμνους
701 521 1096 581 ἐπευφημεῖτε,
1124 521 1201 566 τόν
1229 539 1276 566 τε
1306 524 1499 578 δαίμονα

457 598 650 650 Δαρεῖον
680 591 964 646 ἇγκαλεῖσθε,
995 592 1269 645 γαπότους
1299 591 1346 635 δ’
1378 593 1479 646 ἐγώ

459 666 523 704 Τι
534 662 630 718 μὰς
661 664 918 719 προπέμψω
949 661 1110 704 τάσδε
1138 664 1353 719 νερτέροις
1384 665 1524 712 θεοῖς.

341 733 522 774 Ceterum
554 734 630 774 hoc
659 734 902 774 monendum
935 738 995 773 est
1029 738 1165 774 contra
1195 746 1275 782 eos,
1307 733 1374 786 qui
1403 733 1582 774 Atossam
1614 745 1696 774 non
1725 732 1858 773 minus

341 815 457 856 quam
489 803 648 844 Darium
691 803 733 843 in
765 804 967 844 orchestra
1005 802 1150 843 versari
1194 802 1344 850 volunt,
1390 802 1643 850 histrionum,
1688 814 1858 855 quorum

340 884 482 912 scaena
503 877 564 912 est
583 871 753 925 propria,
786 872 898 922 (Poll.
930 872 991 912 lv.
1027 871 1123 922 123)
1144 871 1346 911 neminem
1375 883 1536 924 prorsus
1567 872 1608 911 in
1627 870 1858 924 proscaenio

338 941 681 1003 futurumlfuissffi
712 941 745 981 si
775 954 866 982 vera
896 945 1000 981 esset
1029 952 1168 981 eorum
1198 940 1402 981 sententia.

451 1010 507 1051 In
535 1010 735 1063 Septem
766 1015 940 1051 contra
970 1009 1156 1051 Thebas
1188 1009 1450 1062 conspicimus
1472 1008 1698 1050 Thebarum
1729 1020 1857 1049 arcem

395 1091 428 1119 v.
459 1077 556 1119 221.
588 1079 751 1130 (chon).

453 1148 694 1189 Ποταίνιον
724 1143 914 1189 κλύουσα
944 1140 1148 1198 πάταγον
1177 1145 1349 1202 ἄμμιγα

459 1213 727 1271 Ταρβοσύνῳ
760 1213 884 1271 φόβῳ
915 1213 1061 1257 τάνδ’
1093 1214 1146 1264 ἐς
1176 1212 1481 1271 ἀκρόπολιν

457 1279 615 1339 Τίμιον
645 1283 742 1333 ἕδος
774 1281 946 1339 ἳκόμαν.
977 1285 1025 1325 cf.
1056 1283 1139 1326 804
1169 1298 1255 1338 sqq.

338 1354 382 1394 In
414 1354 642 1407 proscaenio
675 1355 854 1403 deorum,
900 1354 967 1407 qui
996 1354 1142 1395 Thebis
1188 1353 1518 1407 patrocinantur¹)
1550 1351 1858 1406 (πολισσοῦχοι

339 1424 445 1464 θεοί
475 1437 509 1463 v.
545 1424 622 1464 167
656 1423 703 1463 cf.
736 1422 854 1476 804),
885 1423 967 1463 sive
997 1423 1241 1475 singulorum
1272 1423 1448 1475 singulae
1493 1428 1586 1462 sunt
1629 1434 1730 1470 arae,
1776 1422 1858 1462 sive

339 1492 518 1532 omnium
548 1504 625 1532 una
657 1497 701 1532 ut
730 1492 771 1531 in
802 1491 1053 1545 Supplicibus
1090 1486 1410 1546 (κοινοβωμία),
1454 1490 1675 1531 simulacris
1720 1502 1856 1530 eorum

339 1566 489 1609 ornata,
520 1574 621 1614 quae
651 1561 926 1614 amplexantur
963 1561 1149 1613 virgines,
1194 1566 1414 1615 precantes,
1461 1564 1506 1600 ut
1548 1563 1859 1599 averruncentur

337 1630 429 1670 belli
459 1630 712 1671 calamitates.

395 1712 429 1739 v.
462 1699 510 1739 91
547 1699 696 1751 (Cher.)
748 1695 914 1752 πότερα
943 1694 1031 1754 δῆτ’
1062 1696 1146 1750 ἐγώ
1172 1696 1178 1753 Ι
1210 1692 1629 1751 Ποτιπέσωβρέτη
1660 1691 1855 1750 δαιμό-

337 1781 463 1819 νων,·
494 1768 544 1809 cf.
576 1782 609 1808 v.
642 1767 708 1808 94.
743 1767 835 1808 102.
869 1768 962 1808 111.
1001 1767 1094 1808 120.
1130 1768 1222 1808 125.
1258 1767 1348 1807 127.
1383 1765 1475 1807 131.
1508 1765 1600 1806 133.

392 1850 427 1878 v.
464 1837 554 1878 164.
586 1850 672 1890 sqq.
706 1837 884 1888 (Eteocl.)

446 1902 577 1960 ίΥμὸις
607 1904 762 1960 ἐρωτῶ,
792 1900 1020 1960 θρέμματ’
1052 1899 1128 1945 οὒκ
1160 1897 1393 1955 οἷνασχετὰ,

443 1971 503 2016 Ἦ
526 1971 653 2016 ταῦτ’
685 1972 844 2030 ἄριστα
874 1972 947 2015 καὶ
978 1971 1110 2014 πόλει
1140 1967 1336 2028 σωτήρια

454 2043 632 2099 Στρατῷ
660 2059 707 2084 τε
736 2042 908 2098 θάρσος
936 2041 1049 2098 τῷδε
1081 2043 1418 2098 πυργηρουμένῳ

450 2108 618 2167 Βρέτη
649 2113 871 2161 πέσουσας
901 2111 1013 2167 πρὸς
1043 2109 1424 2164 πολισσούχων
1452 2108 1606 2152 θεῶν

454 2178 612 2231 Λῦειν,
644 2179 860 2230 λακάζειν,
892 2179 1133 2237 σωφρόνων
1162 2178 1414 2236 μισήματα,·

393 2262 428 2290 v.
460 2249 556 2290 240.
589 2251 783 2302 (Eteocl.).

451 2317 774 2374 Παλινστομεῖς
803 2310 865 2361 αὖ
894 2314 1154 2373 θίγγανουσ’
1186 2314 1474 2373 ἄγαλμάτω
1486 2331 1511 2360 ν
1518 2336 1533 2369 ,·

450 2387 505 2428 De
535 2388 698 2431 Orestea
727 2390 818 2430 licet
858 2389 954 2429 mihi
998 2401 1084 2429 esse
1127 2388 1308 2437 breviori,
1352 2387 1464 2429 cuius
1508 2399 1594 2428 rem
1638 2384 1855 2426 scaenicam

339 2469 428 2498 cum
458 2456 684 2508 Franzius2)
715 2459 841 2499 multo
871 2457 1017 2499 rectius
1049 2458 1299 2511 disposuerit,
1330 2470 1448 2511 quam
1477 2456 1627 2510 priores
1658 2455 1856 2506 interpre-

337 2530 409 2574 tes,
440 2531 524 2567 tum
556 2539 647 2568 vero
677 2527 826 2580 optime
855 2540 983 2581 nuper
1012 2527 1265 2569 illustraverit
1293 2527 1337 2567 G.
1368 2524 1666 2575 Hermannus³).
1717 2522 1857 2564 Paucis

337 2594 457 2646 igitur
485 2608 571 2636 rem
603 2597 862 2638 absolvamus.

434 2725 457 2766 ¹)
483 2724 616 2769 Septem
641 2724 747 2759 ruisse
780 2729 907 2769 septem
938 2729 1108 2769 portarum
1139 2730 1337 2759 servatores
1368 2723 1559 2758 rectissime
1589 2722 1727 2757 videtur
1757 2720 1857 2757 intel·-

340 2781 468 2815 lexisse
493 2782 532 2816 Ο.
558 2782 760 2825 Mueller,
784 2782 925 2824 Anhang
948 2793 976 2816 z.
1003 2783 1033 2816 d.
1058 2783 1183 2816 Buche:
1210 2783 1399 2827 Aeschylos
1422 2781 1639 2816 Eumeniden.
1664 2794 1695 2827 p.
1721 2781 1774 2816 39.

427 2839 454 2881 ²)
478 2840 556 2874 Des
581 2840 823 2886 Aeschylos
849 2840 1075 2884 Oresteia,
1109 2841 1309 2875 Griechisch
1335 2840 1399 2873 und
1422 2839 1568 2873 Deutsch
1594 2851 1662 2886 voh
1686 2839 1856 2874 Jolumnes

338 2896 483 2931 Franz.
508 2897 657 2941 Leipzig.
686 2898 781 2932 1846.

427 2953 452 2995 ³)
478 2944 599 2987 Dere
625 2956 802 2989 scenica
827 2955 867 2988 in
892 2956 1103 3001 Aesehyli
1128 2956 1324 2990 Oresten.
1349 2955 1496 2999 Lipsiae.
1524 2954 1621 2990 1846.
