2014 3204
870 260 1150 298 —12-

363 377 548 416 Polluc.
583 376 830 416 Onomast.
862 375 890 414 Ι.
925 374 1014 414 126.
1049 372 1071 415 ὁ
1105 373 1154 415 δὲ
1184 376 1287 429 παρ’
1312 378 1494 417 ἕκαστον
1513 376 1775 432 ταττόμενος

250 441 555 499 παραστάτης·
598 440 620 484 ὁ
658 442 707 483 δὲ
737 440 810 484 ὑπ’
842 440 975 484 αὐτοῦ
997 440 1242 489 ἐξόπισθεν
1273 442 1523 498 ἐπιστάτης.
1569 445 1774 498 Etymol,

249 513 400 564 Magn.
430 525 465 551 v.
497 509 691 566 στρατός.

362 581 405 620 Id
442 581 642 633 quomodo
678 581 906 621 Muellerum
946 581 1068 620 latere
1107 580 1298 631 potuerit,
1345 593 1391 619 eo
1437 582 1560 633 magis
1599 582 1774 630 offendit,

250 650 435 703 quoniam
475 649 560 701 ipse
597 650 762 689 chorum
802 648 1021 701 comparari
1061 648 1231 688 militum
1269 650 1315 688 ad
1345 661 1518 701 pugnam
1549 655 1775 702 paratorum

249 724 424 759 catervae
455 730 580 770 eoque
610 718 806 769 pertinere
838 719 918 757 fere
949 717 1094 764 omnia,
1125 729 1223 768 quae
1253 717 1294 756 in
1324 731 1399 757 usu
1422 717 1570 758 fuerint
1590 719 1776 760 vocabula

248 786 459 827 scitissime
497 785 642 824 docuit.
709 785 954 837 Quamquam
996 785 1233 832 cavendum,
1274 799 1324 826 ne
1355 787 1443 838 quis
1474 787 1582 826 chori
1612 799 1775 839 prorsus

248 856 413 895 eandem
445 853 787 906 quam-exercitus
818 854 1116 906 dispositionem
1148 854 1269 894 fuisse
1292 855 1433 894 credat.
1495 855 1648 894 Etenim
1671 855 1776 895 aliud

249 928 331 964 erat
370 924 558 969 militum,
597 922 700 962 aliud
740 922 1018 962 choreutarum
1060 922 1292 971 consilium3
1333 922 1416 962 aliis
1453 923 1547 962 locis
1579 924 1618 963 in
1655 924 1774 964 choro

250 992 385 1045 optimi
423 992 651 1039 collocandi,
692 991 771 1030 aliis
802 991 842 1030 in
874 991 1048 1030 exercitu
1063 991 1106 1040 1).

365 1060 513 1107 Quodsi
544 1060 748 1111 hucusque
777 1066 882 1099 recte
913 1059 1121 1111 disputavi,
1153 1059 1474 1111 coryphaeum
1506 1060 1580 1099 vel
1611 1060 1774 1100 ducem

247 1128 580 1180 coryphaeum
605 1124 812 1181 (ἡγεμόνα
834 1130 1093 1181 κορυφαῖον)
1126 1140 1272 1167 unum
1304 1127 1470 1168 fuisse
1501 1134 1713 1180 apparet
1743 1142 1775 1177 c,

248 1198 367 1237 duces
406 1210 497 1237 vero
528 1202 684 1249 praeter
715 1197 976 1249 colyphaeum
1009 1196 1154 1247 plures,
1186 1197 1243 1236 vel
1274 1197 1379 1248 quod
1411 1197 1594 1248 equidem
1625 1198 1778 1274 malim,

248 1267 346 1306 duos
367 1266 541 1306 extitisse
573 1265 756 1306 credibile
787 1271 858 1314 est,
891 1264 1098 1315 utriusque
1128 1264 1361 1304 hemichorii
1391 1277 1528 1305 unum.

964 1378 997 1421 ς.
1035 1379 1066 1410 3.

364 1468 580 1524 ἡγεμών
614 1471 796 1523 χοροῦ·
833 1468 1193 1523 χοροστάτης·
1233 1468 1577 1524 χορολέκτης·
1615 1484 1777 1525 χορο-

250 1537 430 1587 ποιός·
461 1537 757 1593 χορηγόςῖ).

370 1609 505 1648 Restat
550 1612 593 1647 ut
632 1608 678 1646 de
720 1607 862 1647 ceteris
901 1607 1009 1646 chori
1049 1607 1293 1659 principibus
1332 1620 1586 1659 exponamus.
1654 1607 1782 1660 Atque

249 1678 512 1729 coryphaeum
547 1688 626 1716 non
657 1677 777 1716 semel
810 1682 854 1715 ut
885 1675 1087 1715 summum
1110 1677 1249 1715 ducem
1274 1676 1315 1714 in
1339 1675 1564 1716 universum
1589 1671 1781 1729 ἡγεμόνα

250 1746 382 1798 χοροῦ
414 1759 499 1785 esse
530 1750 713 1785 vocatum
757 1745 928 1783 maxime
958 1744 1160 1795 probabile
1183 1748 1253 1783 est.
1315 1743 1436 1782 Siculi
1465 1743 1502 1782 id
1525 1743 1670 1783 factum
1693 1755 1779 1783 esse

248 1815 402 1854 videtur
432 1815 535 1866 apud
566 1814 816 1852 Demosth.
850 1826 883 1852 c.
905 1812 1096 1851 Midiam
1120 1825 1156 1863 p.
1180 1811 1273 1851 533.
1297 1812 1333 1851 d.
1356 1812 1449 1850 ἴστε
1470 1808 1614 1864 δήπου
1636 1809 1780 1858 τοῦθ’,

251 1879 343 1929 ὅτι,
381 1881 458 1922 τὸν
495 1879 686 1936 ἡγεμόνα
727 1880 780 1922 ἄν
817 1878 1031 1935 ἀφέληταί
1063 1895 1152 1928 τις,
1201 1881 1367 1930 οἴχεται
1400 1875 1423 1919 ὁ
1455 1877 1610 1926 λοιπὸς
1639 1875 1779 1932 χορός.

253 1951 390 2002 „Scitis
425 1954 524 1992 enim
563 1951 655 1991 duce
693 1958 840 2002 sum-pto
877 1950 1064 2002 reliquum
1104 1950 1258 1990 chorum
1289 1948 1514 1987 discederef‘
1572 1947 1641 1988 Vix
1675 1947 1779 1987 enim

252 2021 298 2059 de
338 2020 414 2060 alio
452 2032 648 2072 quoquam
693 2019 851 2070 cogitari
893 2023 1024 2070 potest
1070 2018 1247 2070 proxime
1285 2015 1611 2068 praecedentibus
1651 2015 1780 2055 verbis

251 2084 303 2142 ἦν
341 2087 390 2128 δέ
425 2088 537 2129 ποθ’
578 2084 747 2141 ἡγεμών
790 2087 862 2137 τῆς
902 2085 1040 2139 φυλῆς
1079 2091 1331 2139 κορυφαῖος.
1399 2084 1508 2123 Idem
1551 2084 1693 2124 dicitur
1732 2083 1780 2123 de

252 2158 475 2196 chorostata
508 2156 554 2195 ab
586 2155 826 2201 Himerio,
859 2155 920 2194 cui
951 2155 1122 2194 eundem
1158 2153 1432 2193 Demosthenis
1474 2153 1603 2191 locum
1635 2152 1780 2192 obver-

253 2230 381 2265 satum
414 2238 497 2264 esse
528 2224 707 2263 arbitror.
769 2224 836 2263 Est
866 2235 957 2263 vero
991 2222 1125 2261 Orat.
1156 2221 1218 2262 IX.
1258 2224 1292 2269 ξ.
1329 2220 1365 2259 3.
1399 2220 1459 2260 ed.
1492 2218 1779 2270 Wernsdorf³)‚

252 2293 327 2347 τῆς
356 2291 438 2346 γὰρ
470 2291 661 2346 κεφαλῆς
693 2287 968 2345 ὀδυνωμένης
998 2288 1203 2344 ἐξαίφνης
1224 2286 1369 2330 πάντα
1388 2287 1442 2328 τὰ
1462 2283 1781 2342 ἆῤῥωσιήματα

252 2362 514 2415 συμβαίνειν
535 2360 617 2414 ἔφη
640 2361 711 2400 καὶ
737 2359 1042 2414 Δημοσθένης.
1080 2354 1202 2399 Οὕτω
1225 2357 1298 2398 καὶ
1320 2354 1580 2411 κυβερνήτου
1601 2357 1782 2398 νοσοῦν-

349 2514 375 2554 ¹)
400 2512 493 2554 Quod
531 2523 572 2545 ne
610 2517 736 2545 temere
771 2510 962 2543 hariolatus
999 2520 1072 2543 esse
1109 2509 1248 2551 videar,
1284 2509 1533 2552 provocandum
1569 2507 1610 2540 ad
1647 2507 1781 2540 Schol.

253 2570 442 2603 Aristid.
470 2580 500 2612 p.
529 2570 604 2602 536.
624 2569 717 2601 Tom.
743 2567 794 2600 Ill.
813 2568 863 2600 ed.
889 2566 1044 2607 Dindorf,
1071 2567 1126 2599 ubi
1153 2566 1324 2609 copiosius
1348 2566 1387 2598 de
1412 2566 1473 2598 illa
1491 2574 1528 2597 re
1545 2564 1676 2606 agitur3
1701 2575 1783 2607 quo-

252 2638 324 2660 cum
356 2626 511 2660 conferas
543 2627 771 2669 Aristoph.
804 2625 877 2658 Av.
904 2637 936 2659 v.
965 2625 1030 2657 352
1061 2625 1112 2656 ed.
1145 2624 1242 2656 Dind.

526 2680 638 2726 „0²ch
670 2683 721 2728 μὴ
746 2683 935 2728 μέλλωμεν
959 2677 1028 2724 ἤδη
1053 2677 1146 2714 τώδε
1170 2681 1296 2713 τίλλειν
1319 2679 1379 2712 καὶ
1404 2675 1551 2713 δάκνειν

519 2742 594 2774 ποῦ
615 2738 689 2774 ’σθ’
717 2738 736 2773 ὁ
763 2741 966 2786 ταξιάρχος;
991 2738 1152 2782 ἐπαγέτω
1176 2735 1215 2770 τὸ
1242 2734 1363 2775 δεξιὸν
1385 2737 1500 2780 κέρας.

344 2799 372 2840 ²)
397 2799 443 2831 De
471 2799 747 2831 choi-odidascalo
774 2796 814 2830 cs.
840 2796 1020 2837 Boettiger
1046 2821 1054 2837 ‚
1081 2795 1157 2838 quid
1184 2795 1230 2826 sit
1256 2795 1376 2826 docere
1400 2792 1558 2827 fabulam.

344 2856 369 2898 3)
397 2857 579 2899 Utrumque
605 2866 645 2888 ex
671 2854 852 2898 Iphicratis
879 2854 969 2886 dicto
997 2852 1136 2885 fluxisse
1161 2852 1313 2884 arbitror
1337 2851 1421 2893 apud
1446 2849 1653 2893 Polyaeu..
1683 2849 1779 2882 Stra-

252 2921 318 2956 teg.
343 2914 395 2947 Ill.
422 2915 452 2947 9.
479 2915 531 2946 22.
579 2909 780 2959 Ἰφικράτης
804 2908 869 2953 τὴν
893 2906 1056 2948 σύνταξιν
1074 2910 1147 2943 τῶν
1163 2906 1418 2952 στρατοπέδων
1434 2906 1546 2945 εἴκαζε
1562 2907 1612 2951 τῷ
1627 2900 1781 2951 σώματι,
