2014 3204
919 1184 989 1234 II.

334 1291 417 1345 De
454 1290 689 1357 triplici
725 1291 1235 1357 pantomimorum
1245 1291 1284 1357 1)
1323 1306 1551 1358 genere.

308 1457 479 1496 Athen.
503 1457 532 1496 Ι.
553 1469 590 1509 p.
623 1457 688 1496 20.
722 1457 758 1496 d.
791 1470 822 1496 e.
877 1457 965 1512 Τῆς
994 1455 1044 1497 δὲ
1074 1455 1186 1497 κατὰ
1213 1457 1367 1498 τοῦτον
1391 1454 1608 1511 ὀρχήσεως

469 1525 543 1578 τῆς
565 1521 869 1578 Ἰταλικῆς2)
892 1524 1156 1579 καλουμένης
1178 1526 1349 1578 πρῶτος
1379 1525 1609 1580 εἰσηγητὴς

458 1594 607 1646 γέγονε
638 1591 878 1640 Βαθύλλος
903 1590 1224 1646 Ἀλεξανδρεὺς,
1258 1590 1309 1634 ὅν
1339 1605 1450 1649 φησι
1481 1595 1607 1647 νομί-

459 1676 551 1715 μως
582 1655 868 1715 ὀρχήσασθαι
898 1660 1126 1709 Σέλευκος”
1155 1662 1348 1703 τοῦτον
1376 1662 1463 1703 τὸν
1494 1660 1608 1702 Βά-

468 1728 675 1771 θυλλόν
713 1741 850 1784 φησιν
874 1727 1168 1784 Ἀριστόνικος
1198 1723 1287 1770 κᾶὶ
1320 1728 1599 1784 Πυλάδην,

462 1793 515 1839 οὗ
545 1797 639 1839 ἔστι
677 1795 753 1838 καὶ
784 1797 1046 1852 σύγγραμμα
1078 1798 1179 1852 περὶ
1226 1791 1465 1853 ὄρχήσεως,
1511 1796 1608 1851 τὴν

455 1864 718 1920 Ἰταλικὴν
749 1864 974 1921 ὄρχησιν
1004 1864 1393 1922 συστήσασθαι
1433 1865 1489 1906 ἐκ
1519 1867 1609 1920 τῆς

461 1935 726 1989 κωμικῆς,
767 1932 792 1989 ἢ
830 1934 1086 1976 ἐκαλεῖτο
1127 1933 1342 1990 κόρδαξ,
1382 1934 1472 1975 καὶ
1511 1934 1607 1988 τῆς

461 2004 733 2058 τραγικῆς,
755 2001 782 2057 ἢ
803 2002 1048 2044 ἐκαλεῖτο
1080 2000 1368 2057 ἐμμέλεια,
1401 2001 1491 2042 καὶ
1521 2003 1610 2056 τῆς

462 2072 773 2126 σατυρικῆς,
806 2068 831 2126 ἢ
862 2070 1074 2122 ἐλέγετο
1106 2073 1359 2118 σίκιννις.

306 2176 524 2228 Postquam
555 2176 682 2228 primo
707 2176 997 2229 imperatorum
1029 2177 1186 2216 saeculo
1218 2176 1323 2227 apud
1343 2175 1544 2215 Romanos
1576 2174 1723 2214 obmu—

192 2250 344 2285 tescere
374 2251 592 2303 coeperunt
621 2246 822 2286 comoedia
852 2251 971 2297 atque
1002 2244 1213 2296 tragoedia,
1248 2244 1436 2296 ipsaeque
1466 2247 1628 2295 propter
1656 2243 1723 2281 in—

193 2313 443 2354 commodam
473 2314 650 2354 iocorum
682 2313 959 2366 procacitatem
991 2313 1183 2354 coercitae
1219 2318 1315 2352 sunt
1344 2311 1600 2363 Atellanaess),
1642 2312 1724 2351 sola

196 2382 278 2422 fere
309 2395 432 2434 eaque
463 2394 602 2422 recens
632 2383 788 2423 inventa
818 2383 860 2422 in
892 2383 1045 2422 theatro
1075 2381 1263 2434 regnabat
1283 2380 1623 2433 pantomimorum
1644 2391 1722 2419 ars.

289 2510 315 2553 ¹)
338 2510 450 2552 Negat
474 2509 658 2550 Langius
682 2508 911 2549 (Vermischte
937 2507 1107 2541 Schriften
1134 2519 1164 2551 p.
1192 2508 1259 2547 53.)
1291 2507 1492 2540 vocabulum
1529 2505 1724 2549 pantomimi

194 2569 236 2601 de
271 2568 420 2601 artificio
457 2568 530 2610 ipso
567 2570 764 2609 usurpatum
799 2565 916 2599 fuisse.
965 2565 1012 2598 At
1047 2565 1190 2598 frustra.
1238 2564 1292 2597 Cf.
1322 2565 1429 2596 Plin.
1454 2563 1591 2596 Natur
1615 2563 1723 2594 Hist.

199 2625 271 2659 Vll.
290 2627 343 2658 54.
381 2625 451 2666 „Et
475 2635 557 2667 qnos
576 2630 691 2657 nostra
709 2624 887 2657 adnotavit
903 2625 1031 2664 aetas,·‘
1048 2623 1216 2666 (loquitur
1233 2622 1366 2655 Plinius
1384 2621 1424 2653 de
1442 2620 1618 2659 mortibus,
1644 2629 1725 2661 quas

198 2682 283 2715 dicit
307 2682 530 2726 repentinas),
556 2683 643 2723 „duo
670 2681 841 2724 equestr1s
867 2682 998 2714 ordinis
1031 2682 1064 2713 in
1097 2681 1212 2713 eodem
1241 2678 1494 2722 pantomimo
1532 2675 1723 2720 mythico

192 2745 264 2773 tum
289 2739 394 2772 forma
420 2739 650 2782 praecellente
676 2738 898 2779 (obierunt).“

284 2797 315 2838 2)
340 2797 412 2830 Sic
437 2796 597 2838 legend
612 2806 672 2828 um
698 2806 792 2828 esse
820 2806 891 2838 pro
915 2796 1128 2841 τραγικῆς
1154 2792 1266 2826 infra
1291 2792 1470 2835 probare
1495 2791 1689 2823 conabor.

285 2852 310 2895 ³)
335 2853 438 2886 Suet
454 2864 513 2886 on.
545 2851 724 2894 Caligul.
760 2864 787 2885 c.
814 2853 866 2885 27.
894 2851 1071 2884 Atellanae
1098 2856 1228 2894 poetam
1262 2849 1303 2882 ob
1334 2849 1481 2890 ambigui
1517 2847 1585 2879 ioci
1614 2845 1726 2879 versi-

195 2911 304 2945 culum
329 2911 439 2943 media
463 2910 701 2953 amphitheatri
727 2920 832 2943 arena
855 2909 927 2950 igni
952 2908 1128 2941 cremavit.

1440 2960 1483 2994 3*
