2014 3204
738 245 1046 286 -153—

141 361 322 416 δευτέρα
351 361 401 404 δὲ
429 363 598 414 γίνεται
629 361 865 416 φαντασία.
925 361 1243 415 Στραφέντα
1283 360 1379 417 γὰρ
1410 375 1477 416 μη
1491 354 1656 415 χανῆ-

141 444 280 485 ματα
307 426 464 486 ἔνδῆλα
494 429 687 472 ποιεῖτὸ
717 429 827 470 κατὰ
853 427 903 470 τὸ
924 436 1132 483 μαντεῖον
1162 426 1218 477 ὥς
1247 427 1355 482 ἔχει·
1385 429 1460 470 καὶ
1487 431 1655 481 γίνεται

141 497 252 555 ὄψις
276 498 474 555 τραγική,
495 498 545 540 τὸ
565 498 647 554 μὲν
667 496 791 554 ξίφος
812 495 1060 556 ᾑμαγμένον
1080 496 1144 538 ἔτι
1165 500 1357 551 κατέχων
1368 496 1586 553 Ὀρέστης,
1607 496 1656 539 αἶ

142 567 193 610 δὲ
233 567 372 624 κύκλῳ
417 568 690 624 φρουροῦσαι
734 563 877 606 αὐτόν.
951 567 1068 607 Putat
1109 567 1229 620 igitur
1272 569 1538 620 eccyclematis
1582 581 1657 621 ope

146 637 334 678 interiora
362 637 498 690 templi
528 636 701 689 conspici
730 636 774 676 in
805 648 931 688 eoque
950 636 1130 676 Orestem
1161 649 1250 677 cum
1281 637 1460 688 Apolline
1489 642 1528 677 et
1554 637 1658 677 Mer-

143 707 265 754 curio,
309 712 348 747 et
388 706 630 746 dormientes
659 705 761 745 circa
805 704 951 745 circum
980 704 1232 745 Eumenides.
1293 705 1337 745 G.
1372 705 1657 757 Hermannus1)

142 781 273 817 autem
301 775 374 815 etsi
404 787 485 814 non
513 775 607 814 falsa
637 786 802 826 prorsus
831 774 986 814 tradere
1023 779 1158 814 censet
1199 773 1463 822 scholiastam‚
1506 779 1656 824 tamen,

143 833 243 898 quae
271 844 320 884 de
348 843 471 883 versis
499 842 690 883 machinis
719 843 834 890 dicat,
863 854 946 883 non
976 843 1023 883 ad
1056 856 1161 891 eum,
1204 843 1267 884 cui
1311 844 1506 896 adscripta
1550 849 1657 891 sunt,

140 925 176 953 v.
220 913 277 954 64
318 912 387 953 sed
430 912 479 952 ad
508 925 541 951 v.
573 911 628 951 94
657 912 870 964 pertinere.
930 912 1028 952 Esse
1069 912 1175 952 enim
1219 923 1301 951 non
1345 913 1463 953 modo
1509 913 1658 953 nullam

141 994 308 1030 musam,
351 993 421 1022 cur
465 981 542 1021 iam
572 986 658 1021 tum
689 980 984 1033 conspiciantur
1013 981 1265 1029 Eumenides,
1310 982 1378 1022 sed
1409 982 1525 1022 etiam
1569 981 1659 1022 ine-

139 1055 255 1106 ptum
288 1056 406 1103 atque
435 1050 707 1103 importunum
737 1050 873 1097 videri,
918 1061 1019 1089 novo
1065 1050 1131 1089 illo
1177 1056 1216 1089 et
1259 1049 1425 1090 terribili
1468 1050 1659 1103 adspectu

141 1132 301 1162 avocare
320 1119 473 1160 animos
493 1124 759 1171 spectatorum
790 1119 838 1159 ab
859 1119 1053 1159 audiendo
1074 1119 1265 1172 Apollinis
1296 1125 1336 1160 et
1356 1119 1506 1159 Orestis
1536 1119 1659 1159 collo-

142 1189 248 1243 quio.
306 1190 415 1238 Quae
442 1187 639 1228 sententia
670 1200 716 1228 eo
746 1188 869 1239 magis
898 1188 1052 1228 videtur
1079 1188 1295 1241 probanda,
1340 1189 1446 1242 quod
1489 1188 1659 1228 similem

142 1258 372 1299 scholiastae
402 1269 576 1296 errorem
598 1256 931 1309 deprehendimus
962 1270 996 1296 v.
1028 1257 1095 1305 47,
1124 1258 1172 1298 ad
1203 1270 1322 1310 quem
1352 1269 1511 1298 versum
1533 1258 1659 1298 adno-

141 1332 220 1368 tata
273 1326 472 1374 videmus,
517 1338 616 1379 quae
669 1326 716 1366 ad
760 1326 883 1366 totius
926 1324 1079 1367 fabulae
1124 1327 1283 1367 initium
1326 1326 1530 1367 referenda
1574 1340 1659 1368 aese

142 1395 431 1450 apertissimum
473 1400 554 1442 est,
600 1390 743 1435 εὕδει
794 1395 1074 1445 γυναικῶν]
1125 1399 1183 1436 Λ.
1228 1391 1308 1436 ἐπὶ
1352 1396 1508 1450 σκηνῆς
1551 1397 1658 1451 φαί-

140 1478 262 1507 νεται
290 1462 341 1504 τὸ
371 1469 590 1517 μαντεῖον.
654 1459 711 1503 ‘H
747 1461 797 1503 δὲ
827 1462 1047 1517 προφῆτις
1066 1461 1272 1517 πρόεισιν
1300 1460 1568 1519 ἐπικλήσεις,
1601 1461 1658 1513 ὥς

141 1531 265 1582 ἔθος,
282 1532 366 1574 τῶν
380 1532 499 1572 θεῶν
514 1532 803 1586 ποιησομένη·
822 1525 1091 1585 ἅπροόπτως
1105 1547 1152 1572 τε
1174 1531 1332 1574 ἷδοῦσα
1346 1530 1658 1588 τὰςἘριννύας

142 1596 282 1656 κύκλῳ
311 1601 389 1642 τοῦ
398 1597 601 1654 Ὀρέστου
629 1599 937 1649 καθευδούσας
972 1598 1120 1642 πάντα
1148 1600 1303 1655 μηνύει
1333 1609 1429 1650 τοῖς
1456 1603 1657 1651 θεαταῖς.

250 1671 454 1723 Pergimus
473 1671 521 1710 ad
538 1683 624 1710 eam
642 1670 874 1718 machinam,
893 1683 993 1723 quae
1013 1676 1169 1723 praeter
1182 1677 1331 1712 ceteras
1361 1673 1445 1712 solo
1466 1671 1661 1713 indicatur

137 1740 302 1781 nomine
331 1737 639 1789 machinae2).
691 1739 811 1779 Cuius
842 1739 1002 1792 quidem
1040 1741 1144 1792 apud
1176 1741 1296 1781 Poll.
1328 1740 1577 1782 Onomast.
1598 1741 1660 1782 lv.

141 1808 220 1850 128
235 1809 338 1849 hanc
353 1808 543 1849 hahemus
559 1808 877 1861 explicationem:
892 1805 919 1863 ἦ
935 1823 998 1863 μη
1008 1823 1035 1860 χ
1046 1807 1140 1863 ανῆ
1158 1807 1207 1849 δὲ
1222 1807 1357 1857 θεοὺς
1372 1808 1568 1851 δείκνυσι
1585 1807 1660 1851 καὶ

138 1872 282 1931 ἥρωας
300 1875 400 1924 τοὺς
415 1872 461 1917 ἒν
483 1872 607 1929 ἀέρα,
631 1874 1026 1932 Βελλεροφόνταςῆ
1046 1881 1241 1931 Περσεῖς.
1272 1879 1457 1919 Videmus
1472 1880 1605 1932 igitur,
1621 1880 1660 1920 id

138 1944 389 1998 potissimum
419 1957 465 1985 ea
494 1945 674 1986 machina
706 1946 890 1986 effectum
922 1959 1020 1995 esse,
1066 1952 1109 1986 nt
1137 1948 1179 1987 in
1222 1960 1313 1988 aere
1356 1949 1532 1989 volantes
1562 1961 1660 1990 con-

138 2013 388 2066 spicerentur
420 2014 476 2054 Dii
506 2015 566 2054 vel
595 2014 746 2062 heroes,
778 2015 897 2055 veluti
927 2015 969 2054 in
998 2016 1176 2069 Aeschyli
1197 2016 1503 2057 Prometheo
1535 2018 1660 2060 Ocea-

138 2082 250 2122 nides
266 2083 311 2122 ad
328 2083 623 2130 Prometheum,
646 2083 757 2123 cuius
773 2084 1070 2125 vociferationes
1083 2085 1328 2132 audiverunt,
1345 2086 1572 2127 advolantes
1587 2087 1662 2128 hac

138 2150 318 2191 machina
334 2151 517 2193 videntur
531 2165 627 2193 usae
651 2165 737 2193 esse
768 2165 803 2192 v.
837 2152 930 2193 125.
962 2153 1195 2204 (Prometh.)
1209 2152 1350 2209 αἷθὴρ
1382 2151 1425 2194 δ’
1445 2151 1660 2211 ἐλαφραῖς

252 2218 529 2273 Πτερύγων
559 2219 753 2276 ῥιπαῖς
781 2216 1054 2275 ὑποσυρίζει.

250 2288 400 2340 (Chor.)
447 2289 603 2344 Μηδὲν
632 2291 860 2349 φοβηθῇς·
891 2290 1024 2345 φιλία
1052 2290 1134 2346 γὰρ
1165 2288 1242 2346 ἥδε
1271 2288 1393 2339 τάξις

253 2353 542 2411 Πτερύγων
570 2360 739 2407 θοαῖς
769 2355 1031 2412 ἁμίλλαις

252 2427 458 2479 Προσέβα
486 2423 615 2468 τόνδε
642 2423 802 2478 πάγον.
862 2428 910 2468 cf.
942 2442 977 2468 V.
1010 2428 1104 2468 135.

138 2492 203 2542 (cf.
235 2493 367 2534 Schol.
398 2496 446 2535 ad
492 2509 526 2535 v.
561 2495 652 2536 128.
720 2495 869 2537 Ταῦτα
912 2495 963 2537 δέ
1006 2508 1143 2552 φασιν
1186 2492 1538 2552 ἅεροδρομοῦσαι
1583 2498 1661 2539 διά

137 2573 255 2610 τινος
282 2564 536 2619 μηχανῆς)
569 2570 610 2605 et
638 2570 846 2618 postquam
888 2566 1123 2619 aliquamdiu
1168 2581 1214 2606 ex
1258 2566 1438 2607 machina
1480 2567 1524 2606 in
1568 2579 1658 2607 aere

139 2640 353 2682 suspensae
397 2645 486 2673 cum
532 2633 767 2675 Prometheo
817 2635 1031 2675 collocutae
1075 2641 1170 2676 sunt
1212 2636 1255 2676 in
1300 2635 1542 2676 orchestram
1589 2636 1659 2677 de·-

139 2697 338 2739 scendisse

232 2803 261 2844 ¹)
283 2803 332 2836 ne
355 2815 393 2838 re
416 2807 550 2839 scenica
575 2807 609 2839 in
634 2807 798 2850 Aeschyli
823 2806 968 2854 Qrestea
993 2818 1024 2850 p.
1052 2808 1104 2841 11.

228 2860 254 2898 ²)
279 2860 494 2905 Battiger,
528 2865 629 2898 deus
665 2875 715 2898 ex
749 2865 938 2898 machina
972 2865 1011 2898 in
1047 2875 1093 2898 re
1122 2865 1292 2898 scenica
1329 2870 1518 2899 veterum
1555 2867 1658 2900 illu-

138 2923 227 2952 ntra
239 2923 319 2952 tus.
339 2919 460 2962 opusc.
474 2932 505 2965 p.
524 2922 601 2956 348.
617 2933 684 2967 sqq.
697 2923 721 2956 S
733 2923 953 2966 chneider,
972 2923 1030 2957 das
1049 2923 1195 2957 attische
1208 2922 1472 2959 Theaterwesen
1484 2934 1515 2968 p.
1530 2924 1572 2957 97
1587 2935 1657 2969 sqq.
