2014 3204
779 257 1088 298 -123—

180 389 268 419 rum
289 376 512 417 testimonia
534 376 654 426 (iuvat
684 375 786 416 enim
808 375 881 415 hoc
910 375 994 415 loco
1025 374 1224 415 universas
1240 374 1416 426 Aeschyli
1446 375 1486 414 in
1515 388 1558 415 re
1587 387 1691 415 scae-

181 447 271 488 nica
301 445 527 501 adornanda
556 445 690 486 laudes
719 444 887 492 referre,
931 457 1029 496 quas
1073 443 1244 496 singulas
1288 444 1468 496 deinceps
1513 444 1693 497 proposi-

181 521 267 556 tum
297 522 359 555 est
387 514 587 567 persequi)
621 514 752 554 omnia
784 513 919 565 igitur,
950 526 1048 565 quae
1093 517 1318 565 supersunt,
1362 518 1539 553 veterum
1579 513 1692 554 testi-

181 585 312 625 monia
332 584 528 624 affirmant
548 582 836 635 Aeschylum
859 594 1046 622 omnem
1065 593 1168 621 rem
1191 581 1469 622 scaenicam
1491 582 1691 622 omnino

181 666 418 700 novasse,
449 657 599 704 atque
629 663 722 691 non
753 651 914 691 solum
945 663 1175 691 scaenam
1205 650 1604 703 peripetasmatis
1649 657 1694 691 et

181 722 372 762 tabulis
402 720 557 774 pictis
586 720 907 769 instruxisse,
937 719 1285 773 proscaenium
1308 720 1406 760 aris
1427 719 1693 772 signisque

180 802 469 836 exornasse,
491 789 1044 836 machinasinvenissc‚
1073 789 1342 841 periactos,
1373 788 1553 841 quibus
1584 801 1694 829 mu-

178 860 460 912 tariposset
479 869 691 898 scaenae
710 858 883 905 facies,
905 857 1215 905 instituisse,
1237 858 1319 898 sed
1342 857 1486 898 ctiam
1507 857 1693 898 histri-

179 940 321 968 onum
361 927 543 967 cultum
589 926 914 978 habitumque
961 927 1250 975 decorasse,
1296 927 1509 980 denique
1554 926 1693 967 chori

180 995 611 1049 magnificentiam
667 995 863 1035 auxisse
927 996 1133 1048 eiusque
1176 996 1476 1036 saltationes
1521 995 1693 1036 artifi-

178 1065 469 1106 ciosissime
505 1064 793 1105 excoluisse.
854 1064 955 1104 Sunt
985 1077 1089 1113 vero,
1121 1078 1219 1118 quae
1262 1069 1429 1113 restant,
1476 1064 1570 1105 haec
1612 1066 1692 1104 fere

177 1134 430 1175 documenta:
490 1133 765 1174 Dioscorid.
798 1134 986 1174 Anthol.
1016 1134 1228 1174 Palatin.
1259 1134 1287 1173 Ι.
1318 1147 1357 1186 p.
1388 1133 1482 1174 428.

235 1201 460 1250 Θέσπιδος
491 1198 649 1256 εὕρεμα
677 1201 816 1250 τοῦτο,
847 1201 901 1242 τὰ
930 1200 972 1243 δ’
1003 1198 1250 1258 ἇγροιοίτην
1279 1199 1350 1243 ἀν’
1381 1198 1486 1256 ὕλην

235 1272 426 1322 Παίγνια
456 1269 530 1311 καὶ
559 1269 731 1324 κώμους
761 1269 916 1312 τούσδε
945 1271 1245 1326 τελειωτέρους
1275 1274 1343 1324 (sic
1373 1271 1509 1313 Jacobs
1546 1273 1587 1311 in
1618 1271 1690 1311 del.

310 1342 425 1393 epigr.
451 1353 489 1393 p.
527 1339 640 1393 101).

239 1407 520 1461 Αἰσχύλος
549 1407 789 1463 ἓξύψωσεν,
822 1405 845 1450 ὁ
875 1408 933 1463 μή
964 1408 1175 1463 σμιλευτὰ
1203 1406 1392 1463 χαράξας

235 1480 275 1519 Γ
270 1476 496 1533 ράμματα,
527 1475 748 1532 χειμάρῥῳ
778 1471 820 1517 δ’
853 1475 927 1517 οἷα
957 1475 1276 1532 καταρδόμενα,

237 1547 339 1587 Καὶ
368 1546 433 1588 τὰ
462 1546 595 1587 κατὰ
624 1546 825 1601 σκηνὴν
853 1548 1244 1600 μετεκαίνισεν.
1282 1544 1333 1587 Ὢ
1354 1544 1495 1601 στόμα
1516 1540 1693 1587 πάντων

231 1614 409 1665 Λεξιόν,
441 1612 633 1671 ἇρχαίων
663 1611 788 1670 ἦσθα’
814 1630 881 1664 τις
911 1610 1122 1671 ἡμιθέων.

288 1685 572 1727 Generatim
631 1686 678 1726 de
729 1685 911 1727 omnibus
962 1686 1021 1725 his
1071 1686 1250 1727 laudibus
1299 1698 1430 1726 sermo
1481 1690 1542 1725 est
1590 1684 1690 1724 vita

175 1753 398 1806 Aeschyli
430 1766 466 1806 p.
493 1753 583 1793 154.
616 1754 674 1793 ed.
706 1754 845 1794 Ritter.
864 1785 872 1793 .
891 1785 900 1794 .
921 1756 1017 1803 νέος
1046 1753 1095 1795 δὲ
1125 1753 1283 1810 ἤρξατο
1303 1755 1390 1796 τῶν
1418 1752 1690 1808 τραγῳδιῶν,

175 1819 250 1862 καὶ
279 1820 394 1863 πολὺ
423 1821 523 1869 τοὺς
554 1821 639 1874 πρὸ
671 1819 805 1863 αὐτοῦ
834 1819 1023 1878 ὑπερῆρε
1067 1822 1177 1864 κατά
1204 1838 1251 1863 τε
1280 1821 1358 1878 τῆν
1387 1825 1572 1877 ποίησιν
1602 1821 1691 1862 καὶ

175 1890 266 1945 τὴν
309 1888 568 1931 διάθεσιν
605 1891 696 1944 τῆς
740 1892 934 1947 σκηνῆς
977 1889 1071 1946 τήν
1110 1907 1166 1932 τε
1206 1890 1562 1947 λαμπρότητα
1604 1890 1692 1945 τῆς

175 1961 437 2014 χορηγίας
466 1957 557 1999 καὶ
588 1958 678 2013 τὴν
708 1959 905 2015 σκευὴν
933 1961 1036 2002 τῶν
1056 1951 1363 2015 ὑποκριτῶν
1392 1960 1491 2015 τήν
1520 1975 1572 2001 τε
1601 1960 1692 2001 τοῦ

175 2028 341 2082 χοροῦ
371 2023 691 2082 σεμνότητα,
724 2026 780 2074 uic
809 2030 882 2069 καὶ
908 2023 1227 2085 Ἀριστοφάνης
1255 2032 1388 2084 φησίν
1417 2045 1454 2070 κ.
1484 2044 1520 2069 τ.
1551 2027 1587 2069 λ.

287 2098 445 2150 Singula
471 2099 518 2138 de
539 2110 751 2139 scaenae
783 2099 1039 2139 exornatione
1061 2104 1176 2151 atque
1207 2098 1255 2138 de
1284 2099 1590 2139 histrionum
1621 2099 1691 2139 ha-

175 2166 260 2207 bitu
290 2166 427 2208 merita
459 2173 747 2208 enumerantur
774 2168 889 2208 ibid.
921 2182 958 2220 p.
993 2169 1083 2209 159.
1137 2167 1316 2222 Πρῶτος
1343 2166 1574 2219 Αἰσχύλος
1605 2165 1692 2207 πά-

177 2237 284 2276 θεσι
315 2234 620 2287 γενικωτάτοις
649 2235 726 2292 τὴν
755 2235 1004 2291 τραγῳδίαν
1049 2234 1282 2292 ἐπηύξησε,
1326 2236 1418 2291 την
1463 2235 1522 2277 δέ
1566 2247 1692 2291 σκη-

174 2303 273 2360 νὴν
302 2302 570 2360 ἐκόσμησε
615 2305 687 2345 καὶ
716 2305 795 2360 την
825 2302 933 2360 ὄψιν
962 2305 1048 2347 τῶν
1077 2307 1313 2361 θεωμένων
1357 2305 1598 2361 κατέπληξε
1641 2305 1693 2364 τῇ

174 2371 461 2428 λαμπρότητι,
493 2380 683 2428 γραφαῖς
713 2373 786 2414 καὶ
816 2381 1048 2428 μηχαναῖς,
1094 2377 1263 2429 βωμοῖς
1307 2389 1352 2415 τε
1396 2374 1469 2415 καὶ
1514 2373 1690 2430 τάφοις,

176 2440 425 2493 σάλπιγξιν,
458 2440 674 2492 εἰδώλοις,
699 2439 902 2497 Ἐρίνυσι,
932 2443 1034 2492 τούς
1062 2459 1109 2485 τε
1138 2441 1379 2499 ὑποκριτὰς
1398 2446 1559 2499 χειρίσι
1592 2454 1691 2485 σκε-

175 2508 321 2559 πάσας
351 2511 425 2551 καὶ
454 2511 514 2566 τῷ
547 2506 737 2566 σύρματι
768 2510 1027 2563 ἕξογκώσας,
1059 2510 1232 2566 μείζοσί
1261 2527 1307 2553 τε
1336 2512 1426 2561 τοῖς
1455 2510 1693 2567 κοθόρνοις

176 2581 450 2634 μετεωρίσας·
495 2577 703 2634 ἐχρήσατο
747 2578 796 2621 δὲ
846 2576 1060 2640 ὑποκριτῇ
1103 2581 1278 2636 πρῶτον
1322 2579 1400 2635 μὲν
1446 2580 1691 2636 Κλεάνδρῳ,

177 2646 331 2688 ἔπειτα
359 2646 433 2689 καὶ
468 2647 543 2690 τὸν
572 2646 771 2703 δεύτερον
800 2647 916 2706 αὐτῷ
945 2650 1151 2706 προσῆψε
1188 2651 1420 2691 ,Μυνίσκον
1456 2649 1529 2691 τὸν
1567 2649 1692 2691 Χαλ-

175 2715 319 2757 κιδέα.
348 2716 424 2759 τὸν
453 2714 502 2759 δὲ
530 2720 675 2772 τρίτον
704 2714 944 2773 ὑποκριτὴν
972 2716 1103 2768 αὐτὸς
1136 2719 1316 2774 ἐξεῦρεν,
1348 2715 1407 2767 ὥς
1443 2718 1492 2760 δὲ
1531 2722 1692 2760 Δικαί-

177 2799 310 2840 αρχος
341 2782 365 2828 ὁ
399 2786 665 2842 Μεσσήνιος,
696 2787 936 2843 Σοφοκλῆς.

294 2855 588 2896 Philostrat.
624 2857 751 2898 vitae
794 2858 997 2910 sophist.
1048 2859 1083 2897 1.
1116 2859 1154 2898 9.
1190 2859 1222 2897 1.
1256 2871 1291 2910 p.
1325 2858 1416 2899 492.
1450 2858 1575 2898 Olear.
1636 2857 1693 2898 Εἰ

176 2922 257 2976 γὰρ
301 2922 374 2964 τὸν
424 2922 644 2975 Αἰσχύλον
683 2924 1042 2980 ἕνθυμηθείημεν
1086 2924 1141 2974 ὠς
1186 2925 1329 2967 πολλὰ
1372 2927 1423 2984 τῇ
1466 2925 1691 2980 τραγῳδίᾳ
