2014 3204
796 277 1076 319 ..39-

172 401 311 453 ltaque
361 398 699 452 pantomimorum
748 408 927 448 quoque,
973 393 1041 446 qui
1088 396 1169 433 fere
1209 393 1412 433 saltatores
1457 387 1700 444 (ὀρχησταί)

172 474 376 514 vocantur,
409 479 565 507 summa
595 465 773 504 cernitur
802 464 843 503 in
873 460 1143 511 imitatione¹).

278 532 569 577 cassiodor.
600 535 704 574 Var.
734 531 814 572 lib.
836 531 897 570 IV.
920 544 951 570 c.
984 531 1050 570 51.
1102 530 1287 577 „Panto
1303 529 1452 568 mimo
1483 541 1503 567 a
1525 526 1700 568 multi-

170 606 299 646 faria
329 603 629 645 imitatione
658 612 807 642 nomen
837 602 937 639 est.“

290 675 393 714 Sunt
422 678 553 712 autem
588 670 691 710 varia
725 667 957 708 imitationis
995 671 1251 718 argumenta,
1294 677 1446 716 mores,
1491 663 1704 717 perturba-

170 743 315 792 tiones,
344 741 531 787 actiones,
563 744 608 779 ut
637 743 744 779 recte
774 737 914 776 statuit

283 810 490 850 Aristot.
519 808 653 847 Poet.
684 807 713 845 Ι.
736 807 776 846 6.
799 806 866 845 ed.
899 805 1057 844 Herm.
1089 801 1162 844 καὶ
1194 801 1276 855 γὰρ
1308 796 1429 842 οὗτοι
1463 801 1702 850 (saltatores)

169 877 406 934 μιμοῦνται
451 875 529 917 διὰ
570 875 656 916 τῶν
700 871 1086 928 σχηματιζομένων
1130 870 1314 927 ῥυθμῶν
1363 868 1437 910 καὶ
1484 866 1596 923 ἤθη
1628 867 1702 908 καὶ

170 944 322 1001 πάθη
352 945 443 986 καὶ
476 941 714 999 πράξεις.

283 1016 342 1055 Ita
372 1015 427 1061 fit,
475 1020 518 1053 ut
550 1013 652 1053 varia
682 1012 764 1051 sint
804 1010 1020 1050 saltationis
1058 1021 1211 1060 genera.
1274 1008 1361 1055 Quo
1401 1007 1505 1047 enim
1544 1011 1704 1058 pertur-

169 1083 348 1124 bationes
379 1082 587 1135 praecipue
609 1081 897 1133 exprimuntur,
930 1079 1025 1118 illud
1058 1082 1118 1117 est
1139 1076 1303 1129 lyricum
1326 1075 1496 1115 saltandi
1526 1075 1701 1126 genus2).

171 1151 356 1192 Actiones
386 1164 486 1204 quae
516 1150 694 1190 imitatur
724 1147 893 1193 saltatio,
925 1146 1138 1186 dramatica
1167 1150 1342 1185 vocatur.
1402 1143 1581 1195 Denique
1612 1155 1704 1182 mo-

169 1233 259 1261 rum
290 1220 455 1260 imitatio
485 1219 526 1258 in
565 1231 612 1257 eo
642 1217 895 1270 potissimum
926 1227 1071 1267 genere
1102 1214 1259 1254 videtur
1288 1213 1442 1259 inesse,
1483 1212 1589 1265 quod
1627 1212 1704 1251 mi-

171 1287 366 1337 morum³)
398 1299 550 1327 nomen
579 1287 739 1326 invenit.
800 1286 1048 1336 Quamquam
1089 1283 1186 1323 haec
1229 1282 1303 1322 tria
1348 1281 1513 1322 saltandi
1557 1292 1703 1332 genera

170 1369 252 1398 non
283 1356 447 1396 omnino
478 1356 603 1396 fuisse
634 1356 811 1395 seiuncta
842 1354 955 1394 facile
986 1352 1236 1403 intellegitur.

285 1426 368 1466 Iam
398 1424 738 1477 pantomimorum
768 1423 922 1463 saltatio
953 1434 1036 1462 non
1082 1425 1215 1473 potest
1253 1431 1339 1459 esse
1383 1418 1560 1465 dubium,
1606 1417 1704 1471 quin

169 1494 296 1535 fuerit
326 1493 550 1533 dramatica.
611 1492 724 1540 Quod
755 1504 846 1531 cum
876 1491 961 1542 ipsa
992 1491 1108 1530 docet
1138 1488 1348 1528 Luciani
1376 1487 1648 1539 interpretatio

284 1562 340 1602 de
372 1562 536 1602 saltat.
568 1574 599 1601 c.
633 1560 699 1600 67.
748 1551 829 1600 οὐκ
869 1554 1118 1605 ἀπεικότως
1159 1553 1210 1597 δὲ
1254 1554 1329 1596 καὶ
1376 1553 1419 1596 οἳ
1458 1550 1704 1595 Ἰταλιῶται

170 1629 246 1672 τὸν
274 1626 492 1684 ὄρχηστὴν
527 1626 878 1682 παντόμιμον
917 1626 1185 1668 καλοῦσιν
1226 1619 1349 1679 [ἀπὸ
1381 1621 1470 1664 τοῦ
1500 1621 1706 1677 δρωμέ-

171 1712 264 1741 νου
301 1696 460 1750 σχεδόν
477 1696 533 1751 ?].
576 1693 696 1752 Καλὴ
728 1695 811 1751 γὰρ
848 1692 875 1751 ἦ
912 1693 1121 1749 ποιητική
1165 1695 1428 1747 παραίνεσις
1473 1690 1615 1745 ἐκείνη
1655 1687 1705 1731 τό

168 1763 242 1816 ,,ὦ
262 1772 351 1807 παῖ’
369 1768 555 1807 ποντίου
576 1764 717 1820 θηρὸς
733 1767 947 1818 πετραίου
966 1762 1070 1806 νόον
1091 1764 1228 1815 ἴσχων
1249 1760 1455 1809 πάσαις
1477 1759 1705 1801 πολίεσ-

171 1846 245 1876 σιν
273 1831 467 1889 ὁμίλει“
502 1833 576 1874 καὶ
613 1834 674 1889 τῷ
713 1831 900 1889 ὀρχηστῇ
929 1829 1168 1884 ἀναγκαία·
1214 1831 1287 1872 καὶ
1328 1831 1399 1872 δεῖ
1440 1824 1705 1884 προσφύντα

167 1909 262 1952 τοῖς
302 1900 530 1957 πράγμασι
567 1902 843 1944 συνοικειοῦν
874 1900 1031 1942 ἑαυτὸν
1062 1897 1230 1954 ἑκάστῳ
1260 1899 1346 1940 τῶν
1376 1898 1627 1953 δρωμένων.

170 1976 257 2012 tum
288 1971 437 2019 omnia,
471 1984 573 2024 quae
605 1976 643 2010 et
673 1971 720 2010 ab
742 1971 881 2010 eodem
914 1975 951 2010 et
981 1970 1029 2009 ab
1059 1970 1143 2010 aliis
1163 1974 1425 2010 recensentur
1455 1971 1701 2019 argumenta,

172 2052 354 2093 quaeque
382 2041 590 2093 perspicue
626 2052 648 2079 a
686 2039 909 2091 tragoediae
949 2038 1192 2092 argumentis
1234 2037 1397 2078 minime
1443 2036 1598 2076 differre
1643 2036 1702 2075 di—

172 2112 319 2148 cuntur

267 2255 290 2296 ¹)
314 2255 480 2288 Lucian.
518 2254 562 2286 de
593 2253 740 2286 saltat.
768 2263 796 2284 c.
821 2250 875 2284 36.
910 2252 972 2284 καὶ
1000 2250 1040 2284 τὸ
1064 2249 1134 2294 μὲν
1157 2246 1361 2295 κεφάλαιον
1396 2251 1458 2293 τῆς
1482 2247 1704 2290 ὑποθέσεως,

171 2309 387 2360 μιμητική
412 2313 467 2349 τίς
491 2310 589 2344 ἔστιν
615 2305 805 2353 ἐπιστήμη,
829 2308 889 2341 καὶ
914 2303 1089 2352 ὃεικτική,
1125 2308 1186 2340 καὶ
1209 2308 1281 2342 τῶν
1312 2306 1559 2350 ἐννοηθέντων
1585 2305 1705 2351 ἐξαγο-

174 2365 324 2417 ρευτική,
351 2369 411 2403 καὶ
435 2369 505 2401 τῶν
527 2362 683 2412 ἀφανῶν
708 2363 960 2411 σαφηνιστική.
987 2365 1030 2398 cf.
1057 2377 1085 2398 c.
1112 2365 1166 2398 62.

267 2428 296 2469 ²)
321 2426 407 2459 Tria
431 2425 563 2470 lyricae
593 2423 789 2457 saltationis
812 2433 939 2464 genera
962 2427 1203 2455 enumerantur
1227 2423 1378 2456 Athen.
1404 2421 1494 2455 XIV.
1522 2421 1597 2454 360.
1626 2422 1658 2454 d.

267 2483 296 2526 ³)
323 2485 394 2517 flue
419 2488 562 2527 spectat,
587 2492 670 2526 quae
695 2491 802 2524 nuper
826 2481 873 2520 (d.
897 2479 1018 2514 XVIll.
1042 2490 1084 2512 m.
1110 2479 1193 2523 Apr.
1218 2479 1306 2521 XL.)
1324 2479 1449 2512 Romae
1473 2479 1615 2512 inventa
1639 2483 1703 2521 est,

176 2541 375 2585 inscriptio:

742 2593 965 2628 CAESARIS.
991 2593 1144 2628 LUSOR.

744 2650 902 2686 MUTUS.
929 2650 1133 2684 ARGUTUS

845 2707 1060 2741 lMlTATOR

622 2767 676 2800 TI.
702 2765 927 2800 CAESARIS.
953 2764 1153 2800 AUGUSTI.
1182 2763 1254 2807 QUI

667 2822 850 2856 PRIMUM.
875 2822 1071 2857 INVENlT.
1098 2822 1208 2855 CAUS

754 2879 906 2913 IDICOS.
931 2879 1112 2913 IMITARI.

314 2938 364 2973 Cf.
390 2939 506 2972 Rhein.
531 2939 618 2973 Mus.
647 2938 743 2972 1842.
769 2949 799 2982 p.
827 2937 903 2970 480.
