2014 3204
103 351 322 410 „Aeschylo
351 352 511 391 inventa
540 356 646 398 sunt,
679 351 950 390 nominantur
987 350 1185 390 cothurni.
1245 351 1488 391 philostr.
1534 351 1664 390 vitae

133 420 355 472 Sophist.
386 421 416 460 1.
448 419 846 479 9321341w4951‘ed.
879 418 996 458 Oiear
1025 448 1034 458 .
1055 448 1065 458 .
1088 449 1098 458 .
1130 416 1291 472 ἐσθῆτί
1320 435 1368 460 τε
1396 416 1535 475 αὐτὴν
1564 422 1662 470 (tra-

27 508 30 509 ’
55 474 60 478 ⁴
88 519 91 521 >
133 489 329 543 guadiam)
362 480 690 534 ὀέἇτὰσκευάσας
719 485 794 527 καὶ
825 483 1112 539 ὅκρίβαντι
1142 483 1329 542 ὑψηλῷ
1360 503 1398 527 κ.
1428 503 1464 528 τ.
1486 486 1524 528 λ.
1546 488 1666 528 Phi-

131 559 281 607 lostr.
322 558 422 602 vita
460 558 492 598 A
504 556 689 610 polion.
720 555 779 595 Vi.
824 556 890 594 11.
920 567 958 606 p.
991 553 1088 592 244.
1119 554 1236 595 Olear
1268 586 1277 594 .
1300 586 1308 595 .
1334 586 1343 595 .
1375 557 1664 603 σκευοποιΐας

133 625 217 680 μὲν
243 622 394 681 ἥψατο
422 625 681 678 εἷκασμένης
710 622 785 662 καὶ
813 623 901 663 τῶν
929 618 1089 676 ἡρώων
1118 622 1303 672 εἴδεσιν,
1334 618 1427 678 όκρ
1441 626 1456 664 ἰ
1466 625 1495 676 β
1507 638 1602 664 αντ
1613 638 1667 671 ος

134 693 199 736 δὲ,
234 693 360 742 τοὺς
402 689 708 747 ὑποκριτάς
752 688 1104 743 ἀνεβίβασεν,
1151 688 1213 740 οἷς
1242 693 1321 732 ἴσα
1352 690 1535 740 ἐκείνοις
1564 694 1666 746 βαί-

134 776 268 809 vocer.
327 762 425 809 Hor
439 767 496 802 at.
527 762 555 801 A
569 767 625 801 rt.
658 773 683 812 p
695 773 751 799 oe
762 765 791 799 t.
823 757 1034 799 278-80.

155 858 161 872 1
184 864 202 878 2.
213 819 232 875 J
254 830 355 872 >>Post
380 830 483 870 bunc
512 828 677 881 (Thesp.)
715 840 901 881 personae
924 829 1126 881 pallaeque
1154 835 1327 880 repertor
1355 829 1529 869 honestae

268 897 483 950 Aeschylus,
515 905 551 938 et
576 898 734 937 modicis
761 899 941 937 instravit
965 896 1118 949 pulpita
1147 900 1273 949 tignis,

266 967 316 1007 Et
345 967 467 1008 domic
495 978 747 1018 magnumque
778 966 883 1018 loqui
909 967 1051 1018 nitique
1081 965 1278 1006 cothurno.

160 1073 162 1077 .
205 1063 222 1082 ·.
247 1035 391 1084 Quales
403 1047 495 1076 vero
511 1034 566 1074 illi
582 1034 740 1075 altiores
757 1033 875 1074 calcei
894 1035 1052 1080 fuerint,
1069 1046 1150 1074 non
1167 1034 1262 1074 satis
1275 1034 1410 1086 liquet.
1441 1035 1543 1075 Nihil
1560 1035 1666 1075 euim

135 1105 300 1150 scimus,
328 1103 407 1144 nisi
434 1115 502 1143 eos
532 1103 600 1143 alt
612 1115 662 1143 os
692 1103 819 1144 fuiss
830 1116 851 1143 e
875 1098 1159 1155 (ὑποδήματα
1186 1098 1340 1157 ὑψηλά
1360 1103 1468 1143 Luc.
1489 1103 1669 1143 Anach-

136 1185 172 1213 c.
199 1171 286 1222 23),
316 1184 342 1224 q
354 1172 510 1212 uadra
524 1178 600 1211 tos
631 1171 733 1223 (Ety
744 1184 797 1211 m.
827 1171 977 1224 Magn.
1008 1183 1044 1222 p.
1068 1170 1165 1209 524.
1188 1171 1254 1211 40.
1275 1169 1495 1225 κόθορνος
1514 1184 1669 1221 γυναι-

136 1247 258 1283 κεῖον
286 1236 500 1294 ὑπόδημα
529 1237 801 1292 τετράγωνον
844 1238 894 1279 τὸ
938 1236 1086 1293 σχῆμα
1099 1269 1116 1286 ,
1162 1235 1355 1292 ἁρμόζον
1399 1236 1668 1293 ἀμφοτέροις

137 1314 234 1357 τοῖς
263 1308 397 1362 ποσί)
418 1308 676 1359 eosdemque,
705 1307 744 1347 id
775 1308 879 1359 quod
912 1307 1078 1347 minoris
1099 1312 1158 1346 est
1178 1308 1373 1347 momenti
1394 1308 1435 1348 in
1457 1307 1668 1348 salsissima

138 1377 203 1417 ina
231 1376 392 1416 habitus
422 1376 558 1428 tragici
586 1375 771 1415 irrisione
803 1375 831 1414 L
841 1388 867 1415 u
879 1388 900 1415 c
910 1376 921 1415 i
930 1389 950 1416 a
960 1387 999 1415 n.
1030 1375 1059 1414 G
1071 1375 1113 1414 al
1123 1375 1145 1414 l.
1178 1387 1212 1415 c.
1243 1374 1310 1414 26.
1340 1388 1366 1427 p
1377 1389 1400 1416 o
1412 1388 1439 1415 n
1451 1376 1474 1415 d
1484 1389 1506 1415 e
1518 1388 1538 1414 r
1548 1389 1572 1416 o
1583 1388 1635 1415 so
1647 1388 1668 1415 s

140 1443 326 1496 (βαρέα),
355 1443 500 1483 deinde
544 1443 654 1489 tales,
700 1447 751 1482 ut
795 1444 1003 1495 utrique
1038 1456 1095 1496 pe
1109 1443 1166 1482 de
1180 1456 1199 1483 s
1229 1444 1274 1483 fe
1288 1443 1485 1484 minaru
1499 1457 1537 1483 m
1568 1455 1595 1483 n
1609 1456 1670 1483 on

139 1512 304 1552 minus
347 1524 487 1564 quam
532 1511 759 1558 vir‘orum
791 1517 963 1550 essent
994 1512 1112 1563 apti.
1174 1512 1334 1551 Schol.
1364 1512 1511 1552 Arist.
1543 1512 1669 1552 Eccl.

139 1580 281 1628 „346
300 1577 519 1631 κόθορνος
541 1577 661 1627 εἶδος
681 1572 983 1632 ὑποδήματος,
1005 1575 1198 1633 ἁρμόζον
1219 1577 1487 1635 ἀμφοτέροις
1507 1580 1670 1629 ποσίι).

141 1648 345 1691 Cramer
374 1650 404 1688 A
418 1648 615 1688 necdot.
648 1646 799 1686 Oxon.
830 1647 873 1687 V.
904 1648 968 1687 111.
999 1661 1039 1700 p.
1072 1648 1168 1688 350.
1219 1648 1379 1688 Schol.
1421 1648 1477 1688 ad
1506 1649 1670 1688 Tzetz.

140 1716 346 1756 Chiliad.
378 1714 596 1769 κόθορνος
617 1713 734 1762 εἶδος
763 1711 1052 1769 ἰῗποδήματος
1082 1731 1152 1770 πρ
1166 1715 1376 1770 οσφυὴς
1406 1712 1673 1769 ἀριστερῷ

140 1783 230 1824 καὶ
260 1783 378 1831 δεξι
394 1784 433 1838 ᾧ
462 1783 619 1832 ποδὶ,
651 1782 740 1822 καὶ
770 1783 1026 1834 γυναιξὶν
1054 1784 1148 1824 καὶ
1180 1782 1459 1838 ἄνδρασιν.
1496 1783 1671 1824 Isidor.

142 1853 293 1904 origg.
323 1852 425 1892 XIX.
448 1852 515 1891 34.
547 1853 725 1892 cothurni
750 1860 850 1899 sunt,
881 1853 1015 1905 quibus
1046 1853 1308 1894 calciabantur
1338 1852 1518 1905 tragoedi,
1547 1853 1615 1903 qui
1630 1853 1673 1890 t'n

141 1921 288 1962 theatro
320 1921 461 1961 dicturi
485 1928 607 1968 erant,
651 1928 687 1961 et
730 1921 811 1961 alta
853 1923 1114 1973 {monantiqne
1141 1933 1229 1962 voce
1259 1922 1435 1962 carmina
1463 1921 1671 1961 cantaturi.

144 1991 209 2031 Est
237 1992 338 2030 enim
366 1990 674 2036 calceanaemum,
701 1992 744 2029 in
771 1990 930 2029 modum
960 1989 1216 2040 crepidarum,
1248 2001 1320 2042 quo
1349 1990 1478 2029 heroes
1506 1988 1669 2029 uteban-

142 2065 219 2106 tur,
246 2059 312 2099 sed
329 2058 405 2098 tale
426 2065 490 2104 est,
520 2071 548 2097 u
561 2065 574 2097 t
603 2061 651 2097 in
681 2058 854 2098 dextro
884 2065 928 2107 et
958 2057 1030 2097 lae
1044 2070 1067 2096 v
1078 2069 1100 2096 o
1129 2060 1325 2097 cmzveniac
1349 2057 1459 2109 pede.
1491 2044 1672 2109 Denique

143 2133 438 2167 venatorum
470 2126 663 2178 proprii
691 2125 920 2173 referuntur
951 2125 1148 2166 cothurni.
1190 2126 1323 2166 Serv.
1350 2126 1472 2177 Virg.
1502 2125 1622 2164 Aen.
1644 2123 1673 2163 1.

144 2195 240 2236 361.
286 2195 462 2236 cothurni
485 2198 565 2236 iam
596 2196 850 2236 calceamenta
879 2197 993 2234 etiam
1022 2198 1233 2245 venatoria,
1264 2207 1384 2235 crura
1413 2206 1556 2247 quoque
1584 2196 1672 2233 vin-

145 2266 291 2310 efferata,
327 2275 491 2316 qnorum
518 2265 638 2316 quivis
667 2266 817 2316 utrique
842 2270 955 2316 aptus
988 2271 1040 2303 est
1066 2264 1168 2316 pedi.
1225 2264 1279 2314 [N
1292 2277 1315 2303 u
1325 2276 1379 2316 sq
1390 2275 1494 2303 uam
1531 2275 1584 2302 ve
1597 2275 1619 2302 r
1629 2275 1653 2301 o
1663 2291 1674 2309 ‚

145 2333 279 2385 quod
326 2332 474 2385 probe
526 2333 792 2372 tenendum
839 2338 935 2378 est,
984 2333 1216 2372 cothurni
1265 2333 1345 2372 ubi
1393 2331 1674 2372 accuratius

145 2402 301 2442 forma
346 2415 466 2442 eoru
479 2414 517 2442 m
560 2402 583 2440 d
597 2401 864 2441 escribitur
907 2402 956 2441 in
1003 2401 1209 2441 altiorib
1222 2414 1276 2442 us
1324 2399 1674 2441 calceamentis

146 2472 514 2520 numerantur.]

259 2540 309 2580 Et
337 2540 380 2579 in
410 2539 653 2580 diiudicanda
684 2539 755 2579 hac
783 2551 827 2579 re
847 2538 1125 2579 obscurissima
1154 2538 1283 2578 adhuc
1302 2548 1430 2589 neque
1452 2535 1676 2576 novissimis

150 2607 218 2656 Wi
227 2607 331 2649 esel
342 2620 364 2647 e
375 2607 415 2647 ri
429 2605 461 2656 2)
507 2608 610 2648 curis
656 2608 751 2647 satis
795 2607 997 2660 expedita,
1043 2619 1088 2647 ea
1118 2607 1244 2659 placet
1274 2606 1332 2646 via
1363 2604 1436 2656 uti,
1469 2609 1513 2644 ut
1541 2604 1676 2656 inqui-

244 2724 267 2765 ¹)
292 2722 367 2756 Non
393 2724 556 2756 dissentit
578 2722 733 2755 Pollux
758 2721 969 2755 onomast.
1003 2721 1073 2755 Vll.
1100 2721 1155 2762 90,
1180 2721 1235 2763 qui
1268 2720 1507 2753 Theramenem
1539 2723 1677 2752 enarrat

151 2780 357 2813 nominatum
383 2791 459 2813 csse
483 2780 694 2821 cothurnum,
719 2779 804 2821 quod
830 2779 967 2822 utrique
993 2780 1026 2811 in
1055 2779 1227 2821 republica
1252 2777 1343 2820 parti
1374 2776 1511 2809 faverit.
1552 2775 1676 2808 Eodem

152 2835 365 2870 referendum
390 2841 443 2870 est
468 2837 683 2880 proverbium
733 2832 1158 2880 εὗμεταβολώτερος
1182 2832 1420 2877 κοθόρνου.

243 2893 273 2934 ²)
297 2893 533 2935 &Vicscleffi
559 2894 616 2925 das
643 2893 831 2936 Satyrs-piel
859 2893 892 2924 in
911 2892 1115 2934 „Giittingt‘r
1138 2891 1300 2924 Studien“
1329 2891 1426 2923 1847.
1453 2889 1507 2920 72.
1535 2898 1604 2930 sqq.

222 2949 249 2975 J.
269 2949 495 2975 Summor‘hroaeit.
516 2950 659 2974 Sans-uim„
1422 2946 1462 2980 13
