2014 3204
848 219 1159 259 —136—

237 351 322 384 νια,
356 333 411 382 ὠς
444 332 730 388 Θεόφραστος
761 332 808 374 ἓν
838 333 1021 388 εἰκοστῷ
1066 336 1398 388 παρασημαίνει
1430 332 1455 375 ὁ
1484 335 1634 390 παρὰ
1676 336 1768 391 τήν

238 402 438 458 σκηνήν
459 400 832 455 ἀποδεδειγμένος
862 399 1037 449 τόπος
1067 401 1190 450 ταῖς
1222 403 1299 450 εἰς
1329 401 1418 444 τὸν
1448 400 1629 453 ἀγῶνα
1659 419 1766 445 πα-

237 470 591 524 ρασκευαῒςῑ).
651 471 764 510 Unde
794 471 871 510 hoc
900 470 1054 511 videtur
1085 471 1211 522 colligi
1242 483 1380 522 posse,
1411 471 1766 513 Demosthenis

237 545 367 580 aetate
397 537 682 594 παρασκήνια
713 539 958 579 aedificia
989 539 1111 578 fuisse
1140 538 1183 578 in
1228 544 1398 591 utroque
1443 550 1604 579 scaenae
1647 540 1768 580 latere

242 613 453 656 exstructa,
484 620 556 660 per
586 621 686 659 quae
716 608 861 647 chorus
891 613 1028 660 posset
1070 608 1112 647 in
1148 607 1388 647 orchestram
1420 606 1581 656 intrare,
1622 609 1681 648 vel
1724 614 1768 649 ut

239 677 456 717 accuratius
488 676 626 724 dicam,
658 676 900 716 descendere
930 676 972 715 in
1004 688 1072 715 eos
1096 675 1222 716 aditus
1245 675 1325 715 sive
1355 675 1499 715 itinera
1529 676 1766 724 orchestrae,

237 757 339 797 quae
370 743 629 784 nominantur
660 741 708 783 αἱ
740 741 854 783 κάτω
886 742 1105 798 πάροδόι;
1136 744 1271 783 eadem
1304 755 1395 783 vero
1418 743 1642 784 inserviisse
1672 756 1768 784 con-

236 813 362 853 dendo
385 813 598 852 chororum
621 811 837 864 apparatui,
859 811 901 851 in
921 812 1048 864 iisque
1069 817 1244 852 versatos
1267 825 1366 859 csse,
1387 817 1598 864 antequam
1627 812 1671 852 in
1702 825 1768 852 or-

237 881 432 921 chestram
477 879 698 932 prodirent,
744 885 783 920 et
828 880 1037 920 choreutas
1088 886 1126 920 et
1174 879 1369 920 tibicines.
1449 880 1584 932 Neque
1636 881 1768 921 minus

239 949 455 989 histriones
485 948 535 988 iis
566 960 659 987 usos
692 961 776 988 esse
806 948 977 988 indicare
1022 948 1177 988 videtur
1206 948 1398 999 Alciph.
1445 948 1589 1000 epist.
1634 948 1681 987 11.
1728 962 1765 1000 p.

237 1016 332 1056 230.
364 1016 492 1067 Bergl.
527 1012 618 1069 ἥτις
649 1011 863 1071 αὐτῷκαὶ
893 1015 948 1055 τὰ
978 1021 1246 1069 προσωπεῖα
1277 1011 1555 1062 ὁιασκευοῖζω
1587 1014 1661 1056 καὶ
1691 1014 1768 1063 τὰς

234 1083 432 1138 ἐσθῆτας
453 1078 594 1124 ἕνδύω
617 1082 832 1131 καὶτοῖς
863 1081 1279 1138 παρασκηνίοΙις
1313 1086 1382 1134 (ita
1411 1086 1611 1124 rectissime
1639 1097 1766 1124 emen—

235 1153 339 1192 davit
383 1152 430 1191 Μ
435 1153 624 1200 eineke,
674 1151 879 1193 Comment.
931 1153 1086 1192 Miscell.
1118 1152 1148 1191 1.
1187 1151 1230 1201 4)
1262 1153 1420 1205 ἕστηκα
1463 1147 1564 1200 τοὺς
1608 1148 1767 1192 δακτύ-

236 1218 339 1266 λους
369 1217 561 1272 ἐμαυτοῦ
594 1218 826 1268 πιέζουσα,
859 1214 884 1277 ᾖ
917 1217 971 1261 ἂν
1000 1218 1234 1274 κροταλίσῃ
1265 1219 1315 1259 τὸ
1345 1220 1538 1273 θέατρον
1568 1218 1641 1259 καὶ
1670 1221 1768 1274 τρέ-

237 1297 383 1340 μουσα
412 1284 509 1327 τότε
538 1286 589 1341 νὴ
621 1286 698 1341 τήν
718 1285 926 1341 Ἄρτεμιν
961 1284 1176 1342 ἆναψύχω
1224 1286 1297 1327 καὶ
1343 1284 1675 1341 περιβάλλουσά
1719 1298 1769 1328 σε

236 1354 314 1409 τήν
346 1352 468 1407 ἱερὰν
497 1355 584 1396 τῶν
614 1351 851 1409 δραμάτων
881 1353 1072 1410 κεφαλήν
1102 1353 1455 1409 ἓναγκαλίζομαι.

346 1423 396 1463 At
427 1423 528 1464 hanc
558 1430 692 1463 tamen
725 1424 886 1464 minime
918 1424 1142 1476 primariam
1175 1424 1570 1478 antiquissimamque
1614 1425 1767 1477 signifi-

234 1492 430 1531 cationem
475 1483 597 1531 fuisse
642 1492 832 1540 arbitror,
879 1493 946 1532 sed
978 1498 1022 1532 ut
1065 1493 1347 1544 proscaenium
1377 1498 1460 1532 erat
1503 1492 1614 1531 locus
1659 1495 1767 1531 ante

234 1571 417 1599 scaenam
440 1559 552 1608 situs,
583 1560 637 1600 ita
658 1559 910 1612 parascaenia
932 1560 1018 1600 sine
1049 1560 1167 1601 dubio
1190 1561 1349 1614 proprie
1380 1559 1654 1612 significabant
1683 1559 1766 1598 loca

232 1632 454 1680 propter
483 1639 665 1667 scaenam
697 1628 782 1667 sita.
830 1629 917 1676 Quo
939 1629 1085 1669 factum
1110 1634 1182 1677 est,
1213 1636 1257 1669 ut
1287 1628 1497 1681 praecipue
1526 1640 1572 1667 eo
1603 1626 1765 1666 nomine

233 1696 525 1748 appellarentur
555 1696 724 1735 aditus
755 1696 861 1736 inter
891 1697 1084 1749 periactos
1117 1703 1155 1737 et
1199 1710 1379 1738 scaenam
1426 1696 1501 1744 siti,
1548 1708 1618 1747 per
1663 1707 1763 1746 quos

233 1764 446 1804 histriones
473 1764 708 1803 incedebant
737 1764 776 1804 in
799 1777 982 1805 scaenam
1014 1760 1078 1815 (αἱ
1109 1764 1198 1806 ἄνω
1221 1763 1463 1819 πάροδοιῖ).
1495 1763 1612 1804 Cuius
1642 1762 1766 1814 signi-

233 1832 428 1872 ficationis
472 1837 593 1872 testes
639 1838 733 1872 sunt
764 1833 914 1886 Etym.
944 1834 1096 1885 Magn.
1130 1848 1165 1874 v.
1196 1827 1564 1887 παρασκήνια·
1610 1828 1658 1870 αἳ
1703 1830 1766 1878 εἷς

233 1898 311 1953 τήν
341 1895 509 1953 σκηνήν
538 1898 728 1951 ἄγουσαι
761 1900 948 1941 εἴσοδοι.
1007 1902 1151 1942 Bekk.
1192 1901 1429 1941 Anecdot.
1473 1913 1508 1952 p.
1554 1899 1650 1947 292,
1700 1898 1763 1938 12.

234 1963 514 2021 παρασκήνια
566 1967 686 2009 ἐστιν
730 1968 900 2009 εἴσοδοι
953 1967 1001 2010 αῖ
1055 1970 1119 2018 εἷς
1163 1966 1241 2023 τήν
1286 1966 1444 2022 σκηνήν
1493 1965 1765 2018 εἷσάγουσαι.

233 2037 385 2087 Etym.
416 2036 528 2087 Mag.
561 2036 655 2076 743.
703 2035 969 2090 περισκήνια
1011 2037 1161 2090 (Ξαίιί.
1208 2033 1575 2090 παρασκήνια)
1617 2032 1668 2076 δὲ
1710 2034 1767 2074 τὰ

235 2101 427 2145 ἔνδοθεν
459 2104 509 2157 (S
517 2105 613 2144 uzd
645 2104 700 2144 τὰ
730 2103 863 2145 ἔνθεν
893 2103 967 2145 καὶ
999 2103 1152 2159 ἔνθεν)
1183 2105 1258 2159 τῆς
1287 2105 1423 2158 μέσης
1459 2101 1600 2158 θύρας
1646 2102 1764 2153 (Her-

233 2184 366 2212 mann.
398 2170 557 2226 χώρας)
588 2167 852 2225 κοίγκελλα3).

330 2358 362 2400 ¹)·
382 2357 507 2391 Eadem
532 2357 604 2390 fere
630 2358 792 2400 praebent
817 2358 845 2390 H
859 2369 876 2390 a
892 2369 941 2402 rp
956 2370 973 2390 o
989 2369 1068 2391 cra
1084 2364 1128 2400 t.,
1163 2358 1188 2391 P
1202 2359 1224 2391 h
1238 2369 1256 2391 o
1271 2359 1344 2391 tiu
1359 2368 1391 2399 S,
1417 2357 1439 2390 S
1453 2358 1566 2391 uida
1581 2369 1614 2399 s,
1639 2357 1765 2390 additis

232 2415 286 2448 his
311 2415 425 2447 verbis
452 2412 471 2447 ὁ
499 2413 536 2448 δὲ
561 2413 725 2458 Δίδυμος
748 2412 810 2452 τὰς
825 2413 1050 2461 ἑκατέρωθεν
1066 2415 1128 2458 τῆς
1143 2413 1347 2461 ὀρχήστρας
1369 2412 1530 2452 εἲςόδους
1546 2411 1657 2452 οὕτως
1673 2413 1765 2459 φησὶ

233 2472 435 2505 καλεῖσθαι.

326 2528 351 2569 ²)
379 2527 427 2561 Cf.
452 2528 538 2560 Plu
553 2533 567 2560 t
580 2538 599 2560 a
611 2539 629 2560 r
644 2539 661 2560 c
674 2529 705 2560 h.
731 2529 759 2561 D
774 2538 791 2560 e
804 2538 835 2560 m
849 2538 866 2561 e
880 2533 893 2561 t
909 2539 936 2561 r.
962 2540 989 2561 c.
1016 2525 1122 2565 αὐτὸς
1139 2527 1179 2563 δὲ
1195 2527 1363 2572 καταβὰς,
1382 2525 1506 2574 ὥσπερ
1523 2528 1559 2562 οἱ
1572 2527 1764 2575 τραγῳδοὶ,

235 2582 295 2618 διὰ
322 2585 395 2619 τῶν
419 2581 494 2619 ἅνω
518 2580 703 2631 παρόδων.

326 2641 354 2683 ³)
379 2642 499 2674 Tertia
511 2643 807 2685 parascaeniorum
824 2642 996 2676 seutentia
1012 2643 1186 2676 invenitur
1202 2643 1287 2686 apud
1304 2642 1329 2675 P
1344 2653 1362 2674 o
1375 2643 1388 2674 l
1400 2643 1424 2674 l.
1451 2642 1477 2674 Ο
1492 2654 1511 2674 n
1525 2653 1543 2674 ο
1557 2653 1598 2675 m.
1614 2642 1668 2678 lv.
1689 2643 1763 2676 109.

234 2691 347 2731 ὁπότε
370 2698 439 2743 μὲν
462 2696 545 2733 ἀντὶ
569 2695 741 2743 τετάρτου
766 2696 962 2743 ὑποκριτοῦ
987 2698 1062 2731 δέοι
1085 2697 1163 2733 τινὰ
1187 2699 1260 2733 τῶν
1277 2699 1465 2742 χορευτῶν
1489 2700 1606 2733 εἰπεῖν
1629 2699 1668 2733 ἐν
1684 2697 1764 2747 ᾠδῇ

235 2753 556 2801 παρασκήνιον
578 2757 740 2790 καλεῖται
774 2753 813 2789 τὸ
851 2756 1023 2802 πρᾶγμα,
1061 2756 1100 2788 de
1126 2767 1188 2798 qua
1213 2755 1253 2789 cf.
1288 2757 1324 2789 C.
1351 2755 1374 2788 B
1390 2766 1407 2788 e
1423 2767 1489 2798 er,
1514 2756 1598 2789 iiber
1622 2757 1652 2789 d.
1677 2757 1765 2790 Zahl

237 2812 297 2845 der
334 2812 574 2854 Schauspieler
611 2813 641 2846 b.
683 2814 940 2856 Aristophanes.
972 2812 1086 2855 Leipz.
1122 2813 1219 2847 1844.
1251 2813 1273 2845 Β
1289 2814 1374 2847 erl.
1407 2815 1425 2846 J
1439 2815 1493 2847 ah
1507 2825 1523 2845 1·
1536 2813 1555 2845 b
1570 2814 1591 2845 ii
1605 2815 1716 2857 cher
1741 2812 1764 2846 f.

236 2868 295 2900 wi
309 2878 324 2899 s
338 2878 354 2900 s
369 2878 386 2900 c
400 2879 418 2900 n
435 2879 450 2901 s
464 2880 481 2901 c
493 2869 513 2900 h
528 2879 545 2901 a
561 2868 602 2901 ft
614 2869 635 2902 l.
663 2868 693 2902 K
706 2881 724 2902 r
736 2870 747 2903 i
760 2875 774 2903 t
788 2870 799 2902 i
812 2870 844 2903 k.
873 2869 969 2903 1845.
995 2869 1032 2903 11.
1058 2869 1122 2903 No.
1148 2870 1202 2903 38.
1253 2869 1427 2913 [scaenica
1454 2881 1482 2913 p.
1510 2870 1576 2910 82]
