2014 3204
911 218 1223 259 —156—

307 334 392 383 diis,
423 346 522 387 quae
553 333 667 374 nobis
698 333 856 390 relictae
877 338 984 383 sunt,
1014 346 1096 375 non
1118 333 1320 376 invenitur
1338 337 1573 390 exemplum,
1594 342 1768 380 attamen
1783 353 1828 380 ea

306 415 421 443 usum
443 415 528 443 esse
548 403 590 442 in
612 403 883 455 Psychostasia
903 403 1135 457 Aeschylum
1159 404 1306 445 diserte
1326 410 1492 447 testatur
1522 407 1643 447 Poll.
1661 408 1826 450 Onom.

303 471 366 511 lV.
403 471 490 511 130.
524 468 613 512 ἀπὸ
655 470 704 512 δὲ
738 470 818 512 τοῦ
846 470 1106 523 θεολογείου
1145 470 1294 522 ὄντος
1332 470 1471 530 ὑπὲρ
1507 473 1600 530 τήν
1639 475 1827 532 σκηνὴν

304 538 358 581 ἐν
386 535 513 594 ὕψει
545 538 945 595 ἐπιφαίνονται
974 538 1025 582 οἳ
1046 540 1190 591 θεοὶ,
1224 537 1279 591 ὠς
1300 539 1324 584 ὁ
1354 544 1489 592 Ζευς
1519 542 1592 584 καὶ
1624 542 1826 602 οἱπερὶ

304 605 460 650 αὐτὸν
497 607 545 650 ἓν
577 610 880 661 Ψυχοστασίᾳ,
912 611 1019 650 unde
1050 616 1220 663 apparet,
1251 612 1384 664 plures
1412 612 1455 653 in
1484 626 1530 653 eo
1551 625 1709 666 quoque
1736 614 1824 667 pul-

302 678 397 731 pito,
427 683 471 719 ut
501 679 543 719 in
575 675 702 731 l'ogeo,
733 679 910 731 potuisse
942 692 1020 719 una
1050 680 1207 719 versari.

415 747 471 787 De
501 759 687 798 gei-ano
720 744 939 802 (γέρανος,
976 760 1086 801 yram,
1126 748 1257 800 Kran)
1293 762 1393 802 quae
1421 751 1630 792 traduntur
1661 751 1826 794 obscura

303 821 409 857 sunt.
470 816 552 856 Hoc
583 816 688 856 enim
719 816 846 856 solum
878 817 1110 866 edocemur,
1148 830 1234 859 eam
1273 819 1321 859 ad
1359 831 1478 860 onera
1508 821 1679 862 tollenda
1706 821 1827 862 fuisse

303 889 447 938 aptam.
507 885 626 925 Poll.
657 885 715 925 IV.
752 885 844 925 130.
885 882 992 941 ἡδὲ
1030 887 1209 941 γέρανος
1252 884 1488 942 μηχάνημά
1528 891 1571 929 τί
1616 888 1737 931 ἐστιν
1779 885 1826 931 ἒκ

301 950 522 1007 μετεώρου
552 953 906 1008 καταφερόμενον
935 951 1008 1009 ἐφ’
1047 952 1223 1014 ἁρπαγῇ
1262 954 1472 1011 σώματος,
1505 952 1539 1013 ᾦ
1568 959 1770 1014 κέχρηται
1800 955 1828 1014 ἦ

296 1019 408 1071 Ἠώς
442 1019 705 1077 ἄρπάζουσα
734 1022 783 1063 τὸ
814 1022 942 1077 σῶμα
970 1023 1046 1064 τοῦ
1072 1025 1319 1078 Μέμνονος,
1351 1025 1419 1079 qui
1446 1026 1553 1067 locus
1584 1028 1631 1068 ad
1661 1028 1825 1068 eandem

301 1092 477 1145 Aeschyli
497 1092 684 1141 fabulam,
706 1105 806 1145 quae
826 1093 1089 1144 psychostasia
1107 1093 1349 1141 inscribitur,
1372 1095 1525 1136 videtur
1543 1096 1768 1136 referendus
1779 1096 1824 1147 1).

302 1161 411 1202 Idem
443 1161 526 1202 fere
556 1162 701 1214 Etym.
739 1161 891 1213 Magn.
937 1174 975 1214 p.
1012 1160 1107 1202 228.
1145 1163 1321 1216 γέρανος
1369 1162 1442 1203 καὶ
1479 1160 1506 1204 ό
1534 1162 1581 1204 ἓν
1609 1164 1661 1222 τῇ
1691 1164 1825 1222 σκηνῇ

301 1227 450 1285 ἅρπαξ
478 1230 873 1284 κατεσκευασμένος
901 1226 989 1270 ὑπὸ
1025 1229 1103 1271 τοῦ
1132 1229 1444 1285 μηχανοποιοῦ
1470 1247 1506 1272 κ.
1537 1248 1574 1272 τ.
1605 1232 1642 1274 λ.

415 1300 554 1353 Neque
574 1299 697 1352 magis
720 1299 886 1340 dilucida
909 1304 967 1339 est
996 1301 1391 1354 ceraunoscopei
1431 1301 1655 1355 descriptio,
1689 1303 1823 1349 (Poll.

301 1369 463 1410 Onom.
495 1369 555 1409 lv.
591 1369 683 1409 130.
715 1374 1228 1423 κεραυνοσκοπεῖον
1258 1367 1401 1410 δὲκαὶ
1424 1371 1651 1424 βροντεῒον
1673 1369 1724 1412 τὸ
1744 1373 1825 1426 μέν

301 1436 394 1479 ἔστι
430 1439 666 1491 περίακτος
703 1435 864 1492 ὑψηλή·
895 1435 948 1478 τὸ
980 1435 1029 1478 δὲ
1059 1439 1286 1491 βροντεῖον
1315 1453 1351 1478 κ.
1381 1452 1417 1479 τ.
1449 1438 1505 1487 λ.)
1535 1440 1612 1480 nisi
1641 1441 1747 1493 quod
1776 1453 1825 1481 ex

301 1508 464 1548 nomine
493 1507 771 1559 intellegimus,
802 1506 976 1546 fulminis
1014 1507 1185 1560 speciem
1207 1520 1291 1548 eam
1322 1508 1544 1549 machinam
1576 1521 1663 1549 esse
1690 1509 1822 1551 imita-

301 1582 393 1617 tam.
452 1577 580 1629 Atque
611 1589 702 1616 cum
746 1576 969 1616 coniectura
1016 1576 1209 1628 augurari,
1247 1577 1371 1630 qualis
1401 1590 1444 1618 ea
1472 1578 1602 1618 fuerit.
1632 1578 1684 1618 sit
1713 1579 1822 1619 facil-

300 1646 456 1692 limum,
499 1646 593 1685 certi
623 1645 717 1698 quid
755 1645 957 1697 explorare
999 1645 1290 1693 difficillimum,
1331 1651 1503 1699 praestat
1531 1651 1673 1695 tacere,
1705 1659 1821 1700 quam

300 1714 478 1756 inanium
521 1719 837 1755 commentorum
881 1726 1094 1754 numerum
1141 1726 1296 1766 augere.
1356 1716 1399 1755 Id
1438 1717 1567 1757 solum
1603 1728 1675 1768 pro
1714 1721 1820 1757 certo

300 1784 496 1825 affirmare
516 1796 741 1836 possumus,
763 1783 804 1823 in
826 1783 995 1824 Prome
1007 1784 1118 1824 theo
1135 1783 1347 1824 adhibitam
1365 1797 1451 1825 esse
1466 1786 1571 1826 illam
1588 1785 1820 1832 machinam,

302 1854 418 1895 sicuti
446 1858 643 1894 testantur

357 1935 417 1963 νν.
453 1920 572 1962 1082.
604 1934 690 1975 sqq.
723 1920 959 1972 (Prometh.)
988 1919 1063 1960 καὶ
1092 1918 1176 1974 μὴν
1206 1918 1315 1975 ἔργῳ
1347 1917 1449 1962 κούκ
1479 1919 1544 1962 ἔτι
1573 1919 1705 1977 μύθῳ

414 1987 556 2031 Χθὼν
586 1987 863 2031 σεσάλευται·

415 2060 588 2113 Βρυχία
618 2056 660 2100 δ’
692 2055 782 2114 ἠχώ
813 2056 1129 2113 παραμυκᾶται

413 2128 678 2182 Βροντῆς,
711 2127 889 2175 ἕλικες
919 2124 964 2168 <5³
996 2124 1337 2181 ἐκλάμπουσι

412 2196 692 2252 Στεροπῆς
735 2195 1006 2250 ζάπυροι,
1048 2194 1260 2250 στρόμβοι
1290 2195 1340 2238 δὲ
1370 2190 1495 2238 κόνιν

413 2263 692 2306 Eumaeum·
725 2264 879 2319 σκιρτᾷ
909 2262 953 2306 δ’
985 2262 1158 2319 ἀνέμων

415 2329 653 2388 Πνεῦματα
682 2331 876 2383 πάντων,
908 2333 971 2382 εἷς
1001 2332 1168 2389 ἄλληλα

413 2397 582 2444 Στοῖσιν
612 2398 852 2444 ἀντίπνουν
884 2400 1274 2456 [ἂποδεικνύμενα]·

415 2469 766 2526 Ξυντετάρακται
797 2469 840 2513 δ’
873 2470 1012 2526 αἷθῂρ
1043 2469 1205 2526 πόντῳ.

302 2541 613 2583 Contremiscere
639 2546 757 2588 terra,
791 2541 942 2580 coelum
964 2541 1196 2581 fulminibus
1219 2541 1390 2593 flagrare,
1422 2540 1613 2592 procellae
1643 2540 1819 2587 stridere,

301 2611 453 2663 mugire
482 2609 677 2656 tonitrua,
716 2622 793 2656 aer,
824 2622 953 2657 mare,
991 2610 1157 2658 coelum,
1188 2614 1329 2651 cuncta
1361 2608 1528 2661 denique
1558 2608 1715 2649 turbine
1745 2608 1822 2649 mi·-

305 2679 419 2728 sceri,
450 2679 533 2731 ipse
554 2678 815 2719 Prometheus
847 2691 936 2719 cum
969 2691 1081 2725 saxo,
1114 2679 1175 2719 cui
1205 2679 1368 2730 illigatus
1399 2682 1476 2726 est,
1507 2676 1549 2716 in
1578 2677 1820 2730 profundum

301 2761 417 2790 ruere
456 2754 570 2800 atque
609 2747 742 2800 mergi.
802 2747 860 2788 Ad
891 2760 991 2800 quae
1029 2748 1267 2801 perficienda
1306 2746 1437 2788 omnia
1474 2746 1514 2787 in
1550 2759 1690 2787 scaena
1721 2758 1820 2800 opus

393 2901 423 2947 ²)
448 2899 487 2933 G.
512 2900 750 2943 Hermann.,
777 2900 896 2943 opusc.
922 2898 990 2935 Vll.
1019 2899 1095 2932 354.
