2014 3204
946 207 1256 248 ——150-

332 335 450 375 quam
482 335 572 362 eum
603 322 704 363 Deos
734 323 898 376 precari,
936 323 1005 376 qui
1033 328 1125 378 post
1153 325 1311 377 longam
1342 324 1557 367 absentiam
1586 329 1744 371 tandem
1773 329 1846 371 ali-

333 392 488 444 quando
519 392 560 431 in
595 391 760 443 patriam
804 392 976 433 redierit.
1036 393 1206 442 Accedit,
1250 394 1366 446 quod,
1412 395 1446 435 si
1474 395 1646 439 Deorum
1689 398 1846 440 illorum

332 461 440 512 signa
461 461 501 500 in
533 472 673 500 scaena
693 465 786 501 sunt
815 462 953 514 posita,
985 462 1099 502 etiam
1130 463 1297 503 heroum
1320 463 1525 505 simulacra
1553 465 1706 511 ibidem.
1727 467 1847 513 fuisse

331 530 506 583 putanda
535 535 640 577 sunt,
672 543 845 582 quorum
875 536 914 571 et
943 531 1120 584 ipsorum
1151 532 1314 571 nomina
1343 531 1496 574 invocat

388 613 422 638 v.
455 597 550 638 499.
582 611 668 652 sqq.
805 598 904 648 τούς
933 597 966 640 τ’
999 597 1213 651 ἀγωνίους
1242 600 1377 649 θεοὺς

447 665 619 716 Πάντας
649 668 905 723 προσαυδῶ,
937 668 1012 710 τόν
1041 664 1074 710 τ’
1105 667 1209 723 ἐμὸν
1238 667 1446 725 τιμάορον

442 734 617 791 Ἑρμῆν,
651 732 782 791 φίλον
812 735 985 792 κήρυκα,
1017 736 1210 793 κηρύκων
1241 740 1388 792 σέβας,

439 800 600 860 ΙὶἨρως
630 821 682 846 τε
712 806 837 855 τοὺς
868 809 1216 862 πέμψαντας,
1247 823 1283 848 κ.
1314 823 1349 849 τ.
1381 806 1417 848 λ.

334 877 488 926 Quanta
518 881 650 916 autem
679 881 765 916 tum
784 889 919 917 rerum
950 877 1200 918 multitudine
1229 877 1463 930 impeditum
1493 877 1634 919 fuisset
1663 891 1849 932 proscae-

331 946 456 994 nium,
489 945 534 985 ad
565 945 806 997 tragoediam
835 946 958 999 ipsam
991 947 1152 999 eiusque
1184 948 1379 988 actionem
1409 947 1506 988 nihil
1535 948 1618 988 fere
1648 949 1852 1001 pertinen-

332 1014 450 1056 tium!
510 1014 687 1067 Denique
718 1027 769 1055 nc
799 1015 893 1056 illud
926 1015 1082 1069 quidem
1116 1017 1244 1068 exigui
1289 1022 1349 1057 est
1394 1017 1591 1069 ponderis,
1623 1018 1728 1071 quod
1758 1031 1847 1059 cum

283 1081 285 1090 '
335 1085 382 1125 de
403 1083 562 1136 reliquis
583 1084 662 1124 Diis
683 1089 797 1136 poeta
827 1085 1003 1137 loquitur
1022 1097 1243 1137 pronomen
1265 1086 1422 1126 adhibet
1453 1080 1618 1136 οὗτος,
1647 1088 1690 1128 in
1710 1087 1850 1141 apricis

332 1154 407 1197 illis
438 1153 509 1193 diis
539 1152 775 1193 advocandis
806 1153 932 1194 utitur
962 1154 1267 1195 demonstrativo
1298 1151 1390 1196 ὅδε
1547 1204 1550 1206 Ὺ

390 1236 423 1262 v.
457 1222 616 1263 507...
638 1219 936 1276 φαιδροῖσι
966 1220 1171 1264 τοισίδ’
1203 1222 1407 1278 ὄμμασι
1433 1223 1439 1278 Ι
1467 1223 1673 1272 Δέξασθε
1699 1239 1738 1266 κ.
1757 1239 1793 1266 τ.
1814 1224 1853 1266 λ.

339 1305 416 1346 quo
457 1292 615 1345 quidem
645 1291 882 1343 pronomine
913 1292 1015 1344 apud
1045 1293 1279 1346 Aeschylum
1308 1308 1372 1335 res
1402 1301 1441 1335 et
1462 1294 1640 1335 homines
1670 1306 1854 1348 praesen-

335 1367 396 1403 tes
430 1360 637 1413 significari
669 1360 823 1413 saepius
854 1361 932 1401 iam
963 1361 1263 1404 observavimus.

449 1431 655 1471 Praeterea
686 1430 894 1483 purpureis
926 1430 1098 1472 vestibus
1130 1432 1449 1485 Clytaemnestra,
1494 1432 1858 1485 quamvis-recuset

335 1501 596 1553 Agamemno,
645 1500 918 1551 proscaenium
947 1501 1058 1542 iubet
1091 1503 1235 1551 sterni,
1280 1508 1325 1542 ut
1384 1502 1584 1554 magnifice
1629 1506 1670 1541 et
1714 1513 1857 1555 quem-

338 1570 551 1612 admodum
597 1581 731 1621 regem
775 1569 910 1609 deceat
953 1569 995 1608 in
1041 1569 1274 1611 domesticas
1327 1571 1442 1612 aedes
1502 1583 1591 1611 suas
1637 1574 1854 1627 revertatur

337 1640 385 1681 cf.
430 1653 464 1679 v.
510 1637 747 1680 883—931.
787 1638 887 1691 (Ag.)
924 1635 1021 1693 Εἶμ)
1053 1637 1095 1687 ἐς
1132 1636 1278 1692 δόμων
1322 1638 1527 1694 μέλαθρα
1571 1637 1853 1694 πορφύρας

339 1707 535 1751 πατῶν

451 1779 496 1818 In
526 1777 624 1818 Cho
644 1777 841 1830 ephoris
872 1777 1007 1818 eadem
1030 1783 1090 1818 est
1111 1791 1273 1819 scaenae
1304 1778 1433 1827 facies,
1464 1790 1562 1830 quae
1593 1777 1632 1818 in
1646 1777 1855 1830 Agamem,-

339 1861 443 1890 none
473 1848 680 1900 regiaeque
711 1846 948 1887 luculentius
976 1847 1090 1887 etiam
1121 1847 1221 1887 duae
1243 1848 1323 1887 alae
1352 1847 1589 1900 indicantur,
1620 1846 1662 1888 in
1691 1858 1856 1899 quarum

342 1918 472 1965 altera,
505 1916 709 1958 domestici
739 1915 926 1963 habitant,
956 1916 1074 1957 altera
1103 1916 1279 1970 hospites
1310 1917 1564 1969 accipiuntur.

397 2000 431 2028 v.
464 1985 546 2027 642
577 1999 662 2038 sqq.
694 1984 857 2035 (Orest.)

457 2058 589 2107 Παῖ,
620 2060 749 2104 παῖ,
781 2052 925 2110 θύρας
956 2051 1143 2096 ἄκουσον
1174 2052 1341 2110 ἑρκείας
1371 2052 1550 2096 κτύπον.

396 2137 432 2166 v.
465 2125 559 2165 701.
591 2136 678 2177 sqq.
712 2124 954 2177 (Clytaemn.)

446 2190 541 2247 '217³
574 2186 705 2234 αὐτὸν
737 2193 816 2241 εἷς
847 2190 1130 2248 ἀνδρῶνας
1160 2188 1357 2240 εὐξένους
1387 2188 1536 2246 δόμων
1564 2206 1603 2234 κ,
1633 2206 1669 2233 τ.
1699 2190 1738 2232 λ.

400 2277 432 2304 v.
463 2263 557 2303 864.
590 2254 780 2314 (Servus.)
814 2292 823 2302 .
856 2291 866 2302 .
897 2258 988 2303 ἀλλ’
1019 2257 1223 2308 ἀνοίξατε

447 2328 591 2379 Ὅπως
620 2327 822 2383 τάχιστα,
855 2329 929 2371 καὶ
958 2331 1303 2382 γυναικείους
1334 2324 1502 2376 πύλας

459 2398 660 2453 Μοχλοῒς
689 2399 860 2452 χαλᾶτε.

456 2471 501 2511 In
531 2469 749 2523 proscaenii
780 2469 990 2522 margine1)
1022 2469 1197 2510 tumulus
1228 2474 1288 2510 est
1317 2465 1622 2521 Agamemnonis

402 2552 437 2582 v.
469 2541 505 2581 4.
541 2539 703 2590 (Orest.)

461 2608 675 2663 Τύμβου
706 2605 750 2650 δ’
782 2604 855 2650 ἐπ’
888 2604 1036 2664 ὄχθῳ
1066 2606 1177 2663 τῶδε
1206 2622 1255 2659 γε
1284 2603 1484 2662 κηρύσσω
1523 2604 1659 2659 πατρί
1697 2617 1735 2644 κ.
1753 2616 1790 2644 τ.
1814 2601 1853 2644 λ.

402 2693 436 2720 v.
469 2678 535 2720 85
567 2677 634 2719 86.
666 2691 699 2719 v.
734 2677 825 2719 198.
860 2678 1033 2729 (Electr.)

460 2744 634 2802 ἄγαλμα
663 2745 869 2802 τύμβου
899 2744 1053 2787 τοῦδε
1082 2743 1156 2786 καὶ
1185 2757 1315 2800 τιμην
1345 2739 1524 2798 πατρός.
1554 2756 1588 2783 v.
1611 2741 1705 2784 494.
1736 2741 1830 2784 533.

441 2899 464 2944 ¹)
490 2899 540 2935 Cf.
567 2899 605 2934 G.
631 2899 852 2943 Hermann,
878 2901 918 2934 de
943 2910 981 2933 re
1006 2898 1139 2933 scenica
1164 2898 1199 2931 in
1223 2896 1383 2941 Aeschyli
1410 2896 1521 2930 Orest.
1547 2906 1578 2938 p.
1604 2895 1636 2929 9.
