2014 3204
937 238 991 243 ——
1050 213 1133 255 258
1196 238 1249 243 —-

326 329 474 369 Lucian
506 329 552 368 de
585 328 709 369 saltat.
749 341 781 368 c.
814 328 867 369 80
898 341 1035 369 ausser
1066 330 1221 370 Zweifel
1251 330 1404 381 gestellt
1444 330 1511 370 ist:
1551 329 1650 372 ἐπεὶ
1690 328 1740 373 δὲ
1776 348 1853 381 τας

325 393 480 451 ἀρετὰς
519 394 629 450 ἔφην
666 396 745 444 τὰς
782 394 1062 451 ὀρχηστικάς,
1109 395 1240 438 ἄκουε
1282 398 1356 437 καὶ
1392 396 1470 445 τὰς
1507 401 1662 447 κακίας
1698 397 1851 442 αὐτῶν.

323 463 399 512 τὰς
430 463 510 518 μὲν
540 460 618 505 οὖν
648 462 695 505 ἓν
725 460 901 518 σώματι
933 462 1014 519 ἤδη
1038 462 1196 512 ἔδειξα,
1227 464 1304 512 τὰς
1325 464 1374 505 δὲ
1394 465 1468 520 τῆς
1491 465 1695 516 διανοίας
1717 465 1851 518 οὕτως

325 530 548 587 ἐπιτηρεῖν
579 533 705 586 οἶμαι
737 530 894 574 δύναιο
926 530 991 574 ἄν.
1024 530 1183 573 πολλοὶ
1224 532 1307 588 γὰρ
1347 530 1490 575 αὐτῶν
1530 532 1606 576 ὑπ’
1647 531 1851 590 οἷμαθίας

323 626 378 631 -
411 599 486 640 καὶ
518 598 744 648 σολοικίας
776 599 924 649 δεινὰς
955 597 1002 643 ἐν
1031 602 1085 659 τῇ
1115 598 1290 656 ὀρχήσει
1321 600 1668 654 ἐπιδείκνυνται,
1700 602 1744 645 οἳ
1772 603 1852 659 μὲν

322 666 463 720 ἄλογα
499 666 752 722 κινούμενοι
793 668 866 709 καὶ
907 667 1060 724 μηδέν,
1107 666 1163 717 ὥς
1212 682 1351 724 φασι,
1405 669 1518 726 πρὸς
1554 670 1632 726 τήν
1667 671 1849 727 χορδήν·

324 739 449 791 ἕτερα
478 735 558 791 μὲν
587 737 667 791 γὰρ
698 734 721 777 ὁ
753 733 881 785 πούς,
917 739 1041 791 ἕτερα
1079 735 1122 778 δ’
1163 735 1188 778 ὁ
1226 736 1397 792 ῥυθμὸς
1434 738 1570 791 λέγει·
1609 737 1653 779 οἳ
1692 738 1742 780 δὲ
1779 737 1850 781 εὔ-

323 807 477 860 ρυθμα
517 804 619 859 μὲν,
669 803 723 845 τὰ
760 802 999 860 πράγματα
1036 805 1086 846 δὲ
1123 803 1370 860 μετάχρονα
1406 805 1432 860 ἢ
1471 806 1714 862 πρόχρονα,
1753 806 1850 850 οἷον

320 869 406 925 ἐγώ
438 888 546 915 ποτε
579 873 687 915 ἴδιὸν
717 875 963 928 μέμνημαι·
995 874 1069 922 τὰς
1099 874 1180 928 γὰρ
1214 873 1325 924 Διὸς
1353 875 1483 926 γονὰς
1514 870 1850 931 ὀρχούμενός

319 956 402 989 τις
443 941 533 982 καὶ
567 940 661 996 την
699 944 790 984 τοῦ
836 939 1041 997 Κρόνου
1087 946 1462 997 τεκνοφαγίαν
1502 951 1848 999 παρωρχεῖτο

319 1008 415 1057 τὰς
448 1007 702 1052 Θυέστου
733 1010 1020 1066 συμφορὰς
1051 1010 1111 1064 τῷ
1133 1007 1273 1066 ὁμοίῳ
1296 1013 1588 1066 παρηγμένος.
1649 1013 1734 1053 Wie
1762 1012 1848 1052 hier

319 1081 733 1133 παρορχεῖσθαι
765 1078 859 1132 (vgl.
892 1080 1024 1119 meine
1045 1079 1224 1130 Ausgabe
1254 1092 1330 1119 von
1352 1080 1521 1121 Lucians
1552 1081 1843 1132 ausgewzihlten

319 1147 517 1187 Schriften
548 1147 608 1187 ΙΙΙ.
644 1147 684 1187 S.
711 1147 805 1197 182)
837 1147 1042 1187 hedeutet:
1075 1148 1156 1196 „als
1178 1148 1341 1196 Tiinzer‚
1372 1149 1429 1188 als
1451 1149 1696 1189 Pantomime
1727 1154 1845 1190 etwas

318 1215 497 1255 Anderes
528 1218 598 1255 auf
614 1216 682 1255 der
704 1216 842 1256 Biihne
865 1217 1087 1263 darstellen‚
1119 1217 1175 1256 als
1199 1217 1267 1256 das
1291 1229 1367 1257 was
1391 1230 1433 1256 er
1454 1217 1667 1257 darstellen
1687 1217 1844 1264 sollte“‚

316 1284 487 1324 nae'imlich
533 1285 602 1324 des
639 1284 830 1337 Thyestes
874 1285 994 1331 Mahl,
1041 1284 1224 1324 wiihrend
1270 1285 1337 1325 des
1375 1285 1526 1325 Kronos
1566 1285 1846 1337 Teknophagie

316 1352 426 1391 scine
447 1352 619 1404 Aufgabe
643 1365 732 1401 war,
763 1366 807 1393 so
838 1353 958 1393 heisst
988 1349 1122 1400 αὐτὰς
1153 1354 1568 1407 παρυποκρίνεσθαι
1599 1366 1649 1393 an
1680 1365 1847 1394 unserer

318 1420 456 1460 Stelle:
488 1421 571 1469 „als
603 1422 878 1474 Schauspieler
909 1433 985 1461 von
1017 1421 1105 1461 dem
1136 1421 1405 1462 Normaltexte
1436 1422 1504 1462 der
1525 1421 1744 1473 Tragfidien
1776 1422 1845 1462 des

316 1489 536 1541 Aeschylos,
570 1489 802 1542 Sophokles‚
833 1489 1041 1542 Euripides
1074 1489 1136 1529 bei
1168 1490 1236 1529 der
1267 1491 1514 1541 Aufffihrung
1544 1489 1814 1530 abweichen“.

430 1557 482 1597 So
514 1558 652 1597 hiitten
684 1558 753 1597 wir
792 1558 917 1597 durch
949 1558 1036 1597 eine
1066 1558 1219 1605 leichte,
1252 1571 1327 1598 von
1360 1558 1593 1610 unzfihligen
1625 1557 1844 1610 Beispielen

314 1629 581 1665 unterstfitzte
612 1626 850 1677 Aenderung
893 1626 982 1665 eine
1025 1626 1096 1665 wie
1138 1626 1213 1666 mir
1251 1627 1406 1666 scheint
1446 1626 1739 1677 hefriedigende
1771 1627 1844 1666 Er-

314 1693 478 1746 kliirung
523 1694 593 1734 der
636 1694 915 1745 vorliegenden
956 1694 1076 1734 Stelle
1115 1695 1195 1734 und
1237 1694 1411 1746 zugleich
1449 1694 1512 1735 ein
1554 1695 1842 1735 untadelhaftes

315 1762 428 1804 Wort
448 1775 518 1802 zur
538 1763 829 1815 Bereicherung
851 1763 918 1803 des
947 1763 1219 1814 griechischen
1242 1762 1575 1803 Wcrterschatzes
1605 1775 1839 1815 gewonnen.
