2014 3204
789 260 1074 301 *33—

172 383 234 419 est
262 389 426 418 scaenae
457 389 568 429 pars,
606 377 647 416 in
678 389 755 429 qua
786 375 985 416 certabant
1028 375 1233 422 tibicines,
1277 374 1514 422 citharoedi,
1560 385 1698 413 omnes

172 446 358 498 denique,
389 446 457 498 qui
487 445 592 499 apud
622 445 793 485 Graecos
824 445 1068 484 orchestram
1098 449 1322 491 tenuerant,
1353 443 1507 482 musici.

228 515 300 554 Cf:-
330 515 501 554 Isidor.
554 513 716 565 Origg.
769 512 902 553 XVIII.
948 513 1015 552 47.
1076 511 1347 565 ΤὴζγῐῃοΙίοἰ
1393 516 1524 551 autem
1585 515 1699 551 erant

284 583 459 624 musici
491 582 729 629 scaenici,
776 581 844 632 qui
873 581 912 620 in
945 580 1100 631 organis
1131 585 1171 619 et
1200 580 1295 632 lyris
1327 585 1366 619 et
1395 580 1554 619 citharis
1585 592 1701 631 prae-

284 651 467 691 cinebant
512 657 552 690 et
600 649 693 689 dicti
740 648 958 701 thymelici,
1010 649 1135 701 quod
1182 648 1298 688 olim
1343 648 1393 687 in
1438 647 1699 687 orchestra

252 761 262 771 ,
285 725 470 760 stantes
499 718 707 759 cantabant
736 728 856 769 supra
886 717 1104 768 pulpitum,
1137 717 1242 769 quod
1274 717 1444 768 thymele
1476 716 1698 756 vocabatur.

285 789 444 828 Thom.
475 787 658 838 Magist.
692 783 891 839 θυμέλην
921 782 965 825 οἳ
995 779 1178 837 ἀρχαῖοι
1209 781 1305 824 ἀντὶ
1326 783 1404 824 τοῦ
1423 785 1591 824 θυσίαν
1611 783 1700 823 ἐτί-

282 857 413 904 θουν,
458 852 502 895 οἳ
546 853 596 895 δὲ
625 849 806 907 ὕστερον
834 850 912 893 ἐπὶ
942 853 1019 892 τοῦ
1049 851 1096 893 ἓν
1125 852 1185 906 τῷ
1215 849 1392 907 θεάτρῳ
1423 850 1585 901 τόπου,
1633 849 1699 906 ἐφ’

284 918 319 978 ᾤ’
349 920 533 977 αὐληταὶ
578 919 653 963 καὶ
696 919 949 974 κιθαρῳδοὶ
995 919 1068 961 καὶ
1108 919 1235 961 ἄλλοι
1265 920 1383 968 τινὲς
1414 917 1700 972 ἀγωνίζονται

285 989 512 1046 μουσικήν.
1557 983 1559 985 ’

227 1061 393 1102 Schol.
424 1060 618 1100 Lucian.
659 1059 715 1099 de
753 1059 916 1099 saltat.
953 1072 985 1098 c.
1019 1058 1085 1099 76.
1124 1057 1316 1113 θυμέλη,
1359 1056 1385 1100 ὁ
1425 1057 1574 1112 βωμὸς
1605 1055 1696 1099 ἀπὸ

283 1127 360 1170 τοῦ
391 1126 542 1169 θύειν·
575 1127 816 1181 θυμελίη
849 1126 904 1167 δὲ
935 1124 1210 1181 αὐλητική.

284 1197 432 1237 Deinde
474 1209 563 1236 cum
600 1196 885 1247 imperatorum
917 1196 1164 1248 temporibus
1209 1197 1409 1237 comoedia
1455 1202 1572 1249 atque
1617 1201 1698 1236 tra-

170 1266 305 1317 goedia
322 1265 445 1316 magis
463 1264 669 1316 magisque
686 1264 871 1315 paulatim
890 1265 1077 1304 cederent
1092 1265 1359 1316 pantomimis,
1376 1269 1537 1317 totaque
1558 1276 1698 1304 scaena

171 1335 376 1374 saltatione
406 1339 444 1374 et
465 1333 612 1372 musica
632 1338 838 1384 streperet,
871 1345 1011 1372 scaena
1043 1333 1125 1385 ipsa
1148 1345 1295 1373 nomen
1318 1333 1469 1373 invenit
1490 1333 1698 1385 thymelae‚

171 1407 211 1442 et
254 1402 482 1454 quicunque
527 1402 567 1440 in
599 1412 740 1440 scaena
771 1413 930 1452 operam
962 1401 1107 1441 dabant
1127 1402 1208 1441 sive
1230 1401 1470 1448 comoediae,
1501 1400 1585 1440 sive
1614 1405 1696 1440 tra-

171 1470 345 1521 goediae,
376 1470 456 1510 sive
487 1469 686 1517 Atellanis,
718 1469 799 1508 sive
821 1470 1087 1520 pantomimis,
1119 1471 1199 1510 sive
1221 1470 1369 1517 mimis,
1401 1481 1540 1510 omnes
1562 1470 1699 1522 appel-

170 1536 352 1578 labantur
380 1537 591 1589 thymelici.

226 1605 423 1645 Bekker
460 1607 635 1646 Anecd.
680 1606 709 1644 Ι.
748 1619 785 1658 Ρ.
833 1606 930 1646 292.
970 1619 1001 1646 s.
1039 1620 1073 1647 v.
1113 1603 1488 1662 παρασκήνιαε
1537 1602 1699 1660 σκηνή

283 1671 325 1714 δ’
356 1670 477 1715 ἐστὶν
505 1671 531 1729 ἡ
561 1674 654 1715 νῦν
682 1673 946 1728 λεγομένη
976 1674 1202 1729 θυμέλη.
1234 1675 1281 1715 cf.
1311 1675 1478 1728 Etymol.
1508 1674 1636 1726 Magn.
1667 1687 1698 1713 s.

285 1755 318 1781 v.
352 1740 644 1797 παρασκήνια.

226 1810 371 1850 Bekk.
418 1812 593 1851 Anecd.
632 1812 661 1850 Ι.
702 1823 740 1863 p.
780 1811 848 1850 42.
889 1824 919 1850 s.
964 1824 999 1850 v.
1045 1809 1237 1866 θυμέληῑ
1291 1811 1370 1852 νῦν
1405 1809 1487 1865 μὲν
1523 1812 1699 1864 θυμέ-

282 1877 377 1932 λην
405 1878 626 1932 καλοῦμεν
654 1878 746 1931 τὴν
787 1879 876 1919 τοῦ
906 1878 1151 1932 θεάτρου
1196 1877 1418 1934 σκηνήν,
1465 1878 1539 1919 καὶ
1585 1878 1702 1920 ἔοικε

287 1945 411 2000 παρὰ
441 1946 489 1987 τὸ
521 1944 652 1987 θύειν
682 1946 925 2000 κεκλῆσθαι
957 1945 980 1988 ὁ
1010 1946 1147 1996 τόπος
1178 1943 1319 1996 οὗτος.

228 2015 504 2067 Ρὴι“γῃί(;11.,
552 2016 619 2067 qui
663 2016 875 2056 maximam
922 2022 1096 2056 aetatum
1134 2017 1328 2057 rationem
1366 2016 1504 2056 habuit
1539 2027 1700 2056 omnes-

290 2095 367 2135 que
398 2084 505 2123 vocis
536 2083 826 2124 vicissitudines
856 2084 1074 2124 rectissime
1095 2083 1318 2124 observavit
1346 2097 1384 2136 p.
1411 2083 1490 2123 163
1522 2085 1590 2123 ed.
1613 2084 1701 2124 Lo-

286 2150 408 2190 heck
438 2150 713 2210 θυμέληνς
743 2152 871 2192 τοῦτο
903 2149 946 2192 οἳ
976 2151 1058 2206 μὲν
1088 2150 1266 2207 ἆρχαῒοι
1297 2149 1395 2192 ἀντὶ
1424 2152 1502 2192 τοῦ
1531 2147 1702 2193 θυσίαν

284 2215 485 2260 ε’τίθουν·
525 2217 574 2260 οἳ
612 2212 668 2260 δὲ
707 2218 797 2262 νῦν
833 2219 929 2261 ἐπὶ
967 2220 1064 2261 τοῦ
1099 2219 1277 2261 τόπου
1313 2220 1360 2262 ἐν
1398 2220 1459 2275 τῷ
1501 2218 1699 2275 θεάτρῳ,

286 2286 340 2328 ἐν
370 2282 404 2342 ᾦ
435 2285 661 2342 αὐληταὶ
693 2288 765 2329 καὶ
798 2288 1102 2344 κιθαρῳδοὶ
1135 2288 1208 2329 καὶ
1254 2286 1509 2343 τραγικοὶ
1539 2286 1700 2339 ἀγωνί-

289 2352 450 2405 ζονται.
513 2357 664 2405 Quibus
695 2356 824 2397 verbis
856 2371 946 2397 mox
977 2358 1097 2406 addit,
1130 2371 1227 2410 quae
1258 2364 1370 2398 antea
1400 2359 1518 2398 fuerit
1547 2358 1666 2397 ratio:

290 2421 352 2464 Σὺ
383 2425 533 2477 μέντοι
566 2424 682 2466 ἔνθα
711 2425 791 2479 μὲν
821 2424 1026 2480 κωμῳδοὶ
1058 2425 1131 2465 καὶ
1162 2423 1383 2481 τραγῳδοὶ
1415 2423 1701 2478 ἀγωνίζονται

286 2489 459 2543 λογεῖον
501 2489 630 2546 ἐρεῖς,
676 2488 787 2534 ἔνθα
833 2493 882 2534 δὲ
920 2491 963 2535 οἱ
994 2491 1178 2548 αὐληταὶ
1208 2494 1282 2534 καὶ
1315 2492 1358 2535 οἳ
1402 2493 1527 2547 χοροὶ
1567 2489 1701 2548 ὀρχή-

288 2571 438 2613 στραν,
470 2560 528 2615 μή
558 2561 655 2612 λέγε
686 2558 736 2602 δὲ
766 2561 976 2616 θυμέλην.

175 2628 449 2669 Pantomimus
480 2636 640 2670 vocatur
667 2632 901 2683 thymelicus
941 2632 1042 2683 apud
1077 2631 1218 2670 Orell.
1266 2631 1519 2682 inscriptt.
1565 2631 1698 2670 latin.

174 2696 218 2736 T.
250 2697 276 2735 I.
310 2709 347 2749 p,
380 2698 474 2737 453.
507 2699 578 2738 No.
611 2699 734 2739 2589.

288 2766 659 2807 ATHENODORUS
682 2764 698 2821 ΙΙ
719 2767 961 2807 XYSTICUS
984 2765 1000 2821 ΙΙ
1022 2767 1188 2806 PARIDI
1218 2767 1292 2806 ΤΗ
1306 2766 1564 2806 YMELICO

651 2835 1012 2875 BENEMERENTI
1035 2833 1051 2890 ΙΙ
1074 2835 1232 2874 FECIT.

177 2914 276 2953 quae
306 2902 508 2954 inscriptio
541 2915 622 2942 non
654 2904 818 2943 dubium
860 2904 1032 2951 videtur,
1079 2904 1173 2954 quin
1219 2904 1265 2942 ad
1314 2904 1604 2955 pantomimum
1636 2917 1700 2942 re-

249 2979 275 3005 J.
296 2979 522 3009 Summerbrodt,
542 2980 689 3008 scaenica.
1420 2984 1440 3018 3
