2014 3204
751 277 1032 317 —43—

131 391 238 437 ὅταν
260 392 554 442 Ἀπόλλωνος,
592 392 618 448 ἤ
647 408 766 441 τινος
804 392 980 447 Βάκχης
1017 393 1162 447 σχῆμα
1203 391 1437 441 διαθέντες
1473 391 1550 433 ἐπὶ
1581 393 1657 433 τοῦ

132 460 334 517 σώματος
374 463 600 518 γραφικῶς
644 467 737 510 τοῖς
781 461 920 502 εἴδεσι
959 461 1230 515 ἐπιμένωσι·
1269 460 1316 502 τὸ
1358 460 1406 502 δὲ
1443 464 1592 516 τρίτον
1631 459 1657 516 ἦ

132 527 369 580 derbe-,⁷0²3
399 528 636 586 μιμητικόν
665 530 773 578 ἐστι,
803 528 916 570 ἀλλὰ
946 528 1185 584 δηλωτικόν
1216 526 1396 584 ἀληθῶς
1426 530 1512 572 τῶν
1541 527 1657 571 ὐπο-

131 601 354 654 κειμένων.

246 669 474 721 Respondet
511 669 645 720 igitur,
691 668 763 708 nisi
793 668 924 715 fallor,
970 665 1088 721 φορά
1118 672 1267 714 nostro,
1301 668 1406 720 quod
1437 681 1484 708 ex
1514 669 1657 709 Gallica

130 737 261 790 lingua
292 737 497 781 duximus,
531 740 669 788 ‚,pas“‚
702 735 845 790 σχῆμα
882 742 1020 775 nostro
1052 736 1253 784 ‚,t0ur1)“‚
1283 741 1322 775 et
1352 749 1443 776 cum
1475 737 1658 777 universa

130 805 304 851 saltatio,
344 811 445 845 teste
483 805 663 852 Platone,
704 817 750 844 ex
787 804 1007 844 imitatione
1037 804 1088 843 sit
1117 809 1206 844 nata
1238 817 1387 851 eorum,
1428 818 1530 857 quae
1559 806 1659 845 reci-

130 877 287 921 tantur,
319 886 362 913 ea
396 878 455 912 est
491 873 640 928 φορῶν
678 878 717 912 et
758 870 992 927 σχημάτων
1026 873 1148 920 ratio,
1194 878 1238 912 ut
1268 874 1404 926 φοραί
1436 874 1548 926 quasi
1578 874 1660 914 sint

131 942 261 990 verba,
292 942 433 994 quibus
465 943 738 994 exprimantur
767 939 983 996 σχήματα,
1024 942 1261 989 sententiae,
1299 955 1398 994 quae
1430 955 1516 982 sese
1547 943 1659 982 dein-

135 1025 228 1064 ceps
260 1011 500 1063 excipientes
532 1016 651 1064 atque
682 1011 784 1050 inter
815 1024 901 1051 sese
938 1023 1060 1051 nexae
1090 1015 1237 1050 certam
1273 1012 1471 1063 quandam
1502 1023 1657 1051 morum

133 1080 302 1134 speciem
335 1079 557 1120 exhibeant.

243 1148 323 1188 Iam
345 1161 448 1194 vero,
479 1153 524 1188 ut
552 1147 609 1187 vir
628 1149 767 1199 gravis,
799 1152 996 1193 constans,
1028 1148 1110 1199 pari
1141 1147 1334 1200 firmoque
1356 1148 1503 1188 incedit
1523 1149 1658 1200 gradu,

129 1217 358 1257 adolescens
380 1229 464 1269 spe,
494 1216 659 1267 fervore,
683 1217 895 1269 cupiditate
916 1216 1082 1269 agitatus
1106 1227 1212 1255 nunc
1233 1221 1321 1263 stat,
1351 1228 1459 1255 nunc
1479 1216 1519 1265 it,
1552 1229 1661 1257 nunc

129 1285 264 1332 currit,
285 1298 385 1337 puer
399 1286 536 1329 laetus,
557 1287 679 1332 ferox,
700 1286 849 1325 effusus
865 1285 1000 1331 currit,
1020 1284 1121 1332 salit,
1143 1285 1322 1332 exsultat,
1345 1285 1458 1324 sicin
1480 1286 1659 1326 saltando

129 1366 309 1406 quoque,
348 1354 454 1406 quod
486 1353 584 1393 nihil
614 1354 717 1393 aliud
748 1354 902 1394 videtur
933 1367 1018 1394 esse
1056 1366 1175 1406 quam
1211 1365 1421 1393 numerose
1450 1354 1658 1405 ingredi²)‚

131 1422 270 1462 maiori
314 1422 507 1462 minorive
546 1427 655 1462 motu
710 1426 839 1462 certae
876 1421 1068 1474 quaedam
1113 1421 1390 1474 exprimuntur
1426 1424 1659 1472 sententiae,

129 1490 226 1530 certi
255 1503 387 1531 mores
400 1490 445 1541 3).
920 1496 925 1500 ’

244 1559 352 1607 Quae
396 1572 486 1599 cum
525 1559 578 1599 ita
617 1560 712 1607 sint,
752 1559 823 1599 tria
863 1559 925 1599 illa
961 1559 1197 1599 dramaticae
1227 1559 1446 1600 saltationis
1477 1561 1658 1612 genera4)

130 1639 212 1667 non
245 1627 378 1667 minus
408 1627 513 1667 inter
534 1640 577 1667 se
599 1627 755 1668 differre
777 1632 1088 1668 consentaneum
1111 1632 1182 1674 est,
1215 1641 1333 1681 quam
1355 1628 1481 1681 ipsam
1503 1634 1659 1682 tragoe-

131 1695 250 1745 diam,
281 1696 535 1742 comoediam,
567 1697 698 1736 drama
730 1697 955 1749 satyricum.

248 1763 298 1804 Et
329 1764 562 1804 emmelia
593 1765 773 1816 quidem,
812 1778 911 1817 quae
943 1770 1003 1804 est
1031 1766 1272 1817 tragoediae,
1303 1766 1408 1805 inter
1436 1766 1511 1806 tria
1542 1767 1660 1806 salta-

130 1833 250 1874 tionis
281 1845 424 1883 genera
456 1834 719 1886 pulcherrima
749 1834 824 1882 illa,
864 1834 990 1886 gravis
1028 1840 1101 1882 est,
1142 1834 1288 1882 sedata,
1331 1839 1532 1882 constans,
1564 1847 1661 1875 con-

132 1902 246 1942 cinna
258 1901 303 1952 ⁵).

226 2137 252 2179 ¹)
277 2136 428 2179 [Rectius
453 2136 494 2169 de
517 2136 579 2170 hoc
604 2137 771 2171 vocabulo
798 2136 982 2179 exponitur
1005 2136 1045 2168 de
1070 2134 1233 2180 Aeschyli
1259 2147 1297 2169 re
1322 2137 1488 2170 scaenica.
1517 2148 1547 2180 p.
1573 2136 1637 2178 Ill]

221 2193 248 2234 ²)
273 2194 385 2227 Plat
401 2205 419 2226 ο
435 2205 466 2227 n.
492 2194 510 2226 d
527 2205 544 2227 e
579 2195 711 2236 legg.⁴
731 2193 771 2227 ΙΙ.
804 2193 881 2227 673.
912 2194 949 2226 D.
984 2190 1128 2227 Οὐκοῦν
1157 2189 1202 2226 αὖ
1233 2191 1360 2236 ταύτης
1390 2190 1484 2241 ἀρχὴ
1507 2193 1576 2238 μὲν
1599 2194 1663 2237 τῆς

126 2250 282 2288 παιδιᾶς
305 2248 344 2283 τὸ
370 2248 461 2283 κατὰ
493 2245 606 2296 φύσιν
637 2250 760 2293 πηδᾶν
784 2251 953 2285 εἰθίσθαι
977 2250 1055 2283 πᾶν
1077 2249 1182 2292 ζῶον,
1214 2248 1255 2283 τὸ
1283 2248 1315 2283 δ’
1331 2246 1592 2298 ἀνθρώπινον,
1615 2249 1662 2289 ὥς

129 2307 282 2354 ἔφαμεν,
306 2309 483 2351 αἴσθησιν
507 2306 622 2350 λαβὸν
645 2308 707 2341 τοῦ
731 2308 877 2355 ῥυθμοῦ
902 2306 1072 2352 ἐγέννησε(
1091 2319 1126 2342 τε
1153 2305 1306 2354 ὄρχησιν
1327 2309 1389 2341 καὶ
1412 2308 1503 2342 ἔτεκε
1526 2321 1557 2342 κ.
1577 2321 1605 2342 τ.
1630 2311 1659 2343 λ.

221 2364 248 2403 ³)
273 2365 415 2398 Plato
431 2377 462 2398 n.
487 2366 507 2398 d
523 2376 540 2398 e
566 2365 610 2398 le
626 2376 691 2408 gg.
719 2365 787 2400 vn.
819 2367 895 2400 815.
926 2365 965 2397 E.
1000 2365 1075 2398 816.
1102 2364 1143 2398 Α.
1168 2365 1206 2399 ἐν
1230 2364 1268 2399 δὲ
1316 2362 1358 2407 δὴ
1383 2367 1458 2403 τοῖς
1481 2361 1662 2404 τοιούτοις

126 2435 199 2456 που
214 2422 288 2460 πᾶς
303 2419 503 2469 ἅνθρωπος
518 2420 579 2460 τὰς
594 2420 752 2466 κινήσεις
763 2423 824 2456 τοῦ
838 2420 1008 2467 σώματος
1019 2420 1196 2468 μειζόνων
1211 2421 1281 2466 μὲν
1294 2423 1365 2456 τῶν
1377 2420 1525 2465 ἡδονῶν
1543 2419 1662 2456 οὐσῶν

127 2480 283 2524 μείζους,
307 2475 504 2514 ἐλαττόνων
529 2479 565 2514 δὲ
590 2475 755 2517 ἐλάττους
779 2476 835 2522 αὖ,
861 2477 975 2517 δειλὸς
998 2479 1035 2513 δὲ
1059 2481 1119 2513 καὶ
1143 2477 1376 2524 ἀγύμναστος
1395 2478 1551 2525 γεγονώς
1571 2478 1663 2527 πρὸς

127 2535 168 2570 τὸ
194 2538 401 2582 σωφρονεῖν
423 2537 568 2581 μείζους
591 2538 650 2570 καὶ
675 2536 922 2585 σφοδροτέρας
945 2537 1144 2585 παρέχεται
1166 2535 1371 2582 μεταβολὰς
1393 2539 1453 2581 τῆς
1474 2535 1661 2581 κινήσεως.

130 2594 161 2628 A
174 2594 224 2627 th
239 2604 257 2627 e
271 2605 301 2626 n.
330 2593 422 2627 XIV.
449 2594 525 2627 628.
552 2605 580 2627 c.

219 2650 246 2693 ⁴)
273 2649 333 2684 Cf.
360 2651 521 2685 Schol.
547 2652 599 2684 ad
623 2651 877 2695 Aristoph.
903 2652 1014 2687 Nub.
1048 2663 1080 2685 v.
1113 2652 1191 2685 540.
1221 2651 1428 2695 Etymol.
1453 2650 1601 2692 Magn.
1627 2663 1662 2687 v.

129 2709 290 2745 σίκιννις.
314 2707 630 2741 Phavorinus
649 2721 678 2753 p.
701 2709 796 2742 1383.
814 2720 844 2752 p.
867 2710 963 2743 1647.
988 2710 1185 2743 Ammon.
1212 2720 1245 2742 v.
1263 2704 1411 2751 κόρδαξ.
1436 2707 1660 2742 Eustath.

130 2765 179 2798 in
203 2764 321 2798 Hom.
348 2764 489 2798 Iliad.
516 2767 537 2799 6
562 2777 594 2799 v.
620 2767 698 2800 605.
723 2778 752 2810 p.
784 2766 880 2799 1127.
907 2767 961 2800 28.
981 2768 1032 2800 ed.
1050 2766 1185 2799 Roman.
1211 2765 1396 2798 Polluc.
1423 2764 1657 2798 onomast.

131 2821 189 2857 IV.
219 2823 271 2857 14.
298 2823 354 2856 Su
370 2823 426 2856 id.
453 2834 486 2856 v.
512 2819 686 2867 Πυλάδης
708 2835 742 2857 v.
768 2822 951 2868 ἐμμέλεια.
1000 2824 1096 2857 Phot.
1121 2834 1155 2856 v.
1181 2823 1340 2860 σίκιννις-

222 2878 248 2921 ³)
274 2879 462 2913 Platon.
499 2880 550 2913 de
587 2881 677 2921 leg.
709 2878 778 2914 Vll.
812 2880 887 2913 814.
921 2880 959 2913 Ε.
999 2881 1074 2913 816.
1108 2881 1183 2912 Β..
1207 2904 1214 2912 .
1234 2905 1242 2913 .
1278 2877 1318 2911 τὸ
1351 2879 1497 2926 πρέπον
1526 2889 1565 2912 τε
1599 2880 1662 2912 καὶ

129 2932 317 2983 ἁρμόττον
339 2935 482 2974 ἐπιθεὶς
505 2933 632 2981 ὄνομα.
683 2937 806 2971 Athe
821 2948 852 2970 n.
876 2936 968 2971 XIV.
995 2937 1070 2971 630.
1097 2938 1126 2970 d.
1155 2936 1194 2971 ἐν
1218 2935 1366 2983 ἑκατέρᾳ
1392 2935 1432 2970 δὲ
1458 2937 1505 2978 (et
1528 2937 1661 2979 tragica
