2014 3204
715 0 965 27 42‘15'323aefwrgzr
1000 2 1022 18 ς.
1049 0 1072 20 γ’
1223 0 1233 3 ·’

714 305 1024 346 —147—

111 423 211 465 Nam
241 423 399 465 Danaus
428 435 608 464 reversus
639 435 686 463 ex
715 422 814 462 urhe
843 424 892 475 (v.
921 421 1035 471 595),
1069 420 1111 461 in
1155 431 1274 473 quam
1317 431 1420 461 cum·
1451 430 1543 472 rege
1586 432 1629 460 se

110 493 344 540 contulerat,
386 505 477 534 cum
505 492 549 534 iu
586 491 862 546 proscaenium
898 491 1095 538 intrasset,
1125 489 1288 530 dubium
1317 501 1402 530 non
1431 494 1502 538 est,
1532 488 1628 542 quin

110 562 155 604 in
183 562 417 616 proscaenio
448 561 651 604 manserit.
710 560 749 600 Is
779 572 870 600 cum
898 572 934 599 ν.
966 559 1050 600 694
1077 559 1254 600 nuntiet:

165 645 200 672 v.
230 631 326 672 694.
708 644 710 646 ·
831 670 834 672 .

202 697 563 741 -Ἶκεταδόκου
591 697 673 752 γὰρ
701 693 845 752 τῆςδ3
877 692 982 738 ἀπὸ
1013 695 1219 751 σκοπῆς
1248 689 1336 750 ὅρῶ

232 768 294 811 Τὸ
324 768 499 811 πλοῖον.

113 850 249 880 nonne
276 839 526 892 perspicuum
564 840 625 878 est
668 835 718 876 de
754 847 818 875 ara
863 833 1084 888 supplicum
1128 832 1338 874 servatrice
1382 832 1632 884 cogitandum

117 919 216 956 esse,
247 920 414 960 eamque
458 919 548 947 cum
592 905 728 945 Danao
771 903 812 942 in
867 903 1097 955 proscaenio
1141 900 1298 943 fuisse?
1371 902 1498 955 Atque
1542 914 1632 942 cum

113 975 277 1016 chorum
307 975 478 1015 sciamus
508 973 611 1014 haud
642 972 777 1026 procul
807 971 943 1012 abesse
971 985 992 1012 a
1022 972 1153 1012 Danao
1183 971 1282 1011 velle

153 1056 204 1083 tv.
234 1043 329 1083 205.
359 1042 511 1096 (Cher.)
546 1038 722 1096 Θέλοιμῗ
755 1038 809 1082 ἂν
840 1038 921 1095 ἤδη
954 1040 1025 1082 σοὶ
1056 1038 1192 1089 πέλας
1221 1037 1416 1095 θρόνους
1444 1037 1588 1092 ἔχεινκ,

116 1112 326 1153 verisimile
355 1118 427 1159 est,
456 1125 561 1153 aram
593 1112 818 1152 collocatam
847 1110 969 1151 fuisse
1000 1111 1042 1151 in
1072 1110 1291 1164 proscaenii
1336 1109 1527 1162 margine,
1552 1109 1633 1149 Da-

116 1182 254 1223 naides
283 1194 376 1222 vero
407 1183 448 1222 in
479 1182 592 1222 scalis
623 1181 683 1230 iis,
713 1193 785 1233 per
814 1193 910 1233 quas
941 1193 988 1220 ex
1028 1181 1227 1221 orchestra
1271 1179 1314 1220 in
1353 1178 1632 1233 proscaenium

118 1250 329 1300 venitur¹),
359 1251 555 1303 supplices
586 1263 722 1303 preces
751 1251 910 1291 fudisse.

229 1320 414 1361 Ceterum
443 1320 506 1360 vix
536 1325 614 1368 est,
645 1319 750 1372 quod
780 1319 1011 1365 adiciamus,
1043 1318 1086 1358 in
1113 1319 1187 1359 hac
1215 1317 1393 1371 Aeschyli
1421 1317 1632 1369 tragoedia,

117 1401 208 1435 cum
235 1389 445 1442 ‘Supplicoe
474 1389 583 1441 ipsae
613 1394 762 1441 agant
791 1388 975 1436 fabulam,
1006 1388 1169 1429 chorum
1202 1392 1289 1428 tum
1319 1388 1361 1428 in
1389 1397 1529 1429 scaena
1548 1393 1635 1428 tum

116 1458 160 1499 in
188 1458 387 1499 orchestra
417 1469 504 1498 esse
533 1463 744 1498 versatum.

204 1525 494 1566 .Persarum
537 1539 678 1567 scaena
721 1531 918 1567 monstrat
960 1525 1119 1579 regiam,
1146 1525 1207 1566 ‘in
1252 1538 1328 1579 qua
1357 1526 1498 1568 Atossa
1528 1525 1635 1567 Darii

117 1599 244 1636 mater
270 1594 437 1644 habitat,
468 1607 515 1635 ex
544 1609 668 1650 eaque
698 1596 739 1636 in
770 1596 1045 1649 proscaenium
1077 1595 1340 1649 progreditur.

175 1677 211 1706 V.
246 1665 336 1704 155.
369 1665 552 1714 (Atossa).

235 1733 384 1774 Ταῦτα
412 1732 466 1788 δὴ
496 1727 674 1775 innovo)
688 1717 839 1775 32de
870 1732 1243 1789 χρυσεοστόλμους
1271 1732 1450 1788 δόμους,

235 1800 323 1842 Καὶ
352 1800 401 1843 τὸ
434 1804 626 1858 Δαρείου
666 1818 713 1844 τε
757 1800 896 1857 κάμὸν
940 1802 1089 1847 κοινόν
1133 1801 1428 1859 εὔναστήριον.
1460 1805 1509 1845 cf.
1539 1802 1634 1844 226.

308 1870 402 1910 522.
438 1871 530 1911 819.
1507 1868 1509 1871 ’

123 1939 169 1980 In
197 1939 428 1992 proscaenio
457 1940 635 1980 tumulus
666 1946 725 1980 est
752 1939 869 1987 Darii,
914 1943 978 1991 (ex
1009 1952 1089 1993 quo
1116 1939 1322 1980 adscendit
1350 1938 1455 1980 Darii
1498 1938 1638 1979 umbra

124 2021 160 2049 v.
192 2007 303 2058 666),
333 2009 448 2061 isque
479 2014 517 2049 et
546 2009 643 2062 ipse,
674 2009 913 2057 ut.videtur‚
952 2010 994 2050 in
1025 2009 1196 2061 margine
1226 2008 1442 2061 proscaenii
1485 2007 1638 2061 positus

122 2090 156 2117 v.
201 2077 282 2117 670
326 2090 408 2131 sqq.
457 2078 581 2130 (Dar.)
629 2074 847 2120 Λεύσσων
890 2075 934 2119 δ’
980 2076 1150 2119 ἄκοιτιν
1196 2076 1275 2132 τὴν
1317 2075 1425 2132 ἐμὴν
1467 2073 1639 2132 τάφου

122 2144 295 2195 πέλας

239 2216 414 2269 Ταρβῶ,
445 2215 551 2267 χοὰς
581 2213 629 2256 δὲ
659 2222 915 2270 πρευμενεῖς
944 2213 1174 2272 ἐδεξάμην.

228 2280 374 2338 Ὑμεῖς
403 2283 452 2325 δὲ
482 2282 676 2340 θρηνεῖτ’
708 2284 861 2337 ἐγγύς
892 2284 1112 2335 ἑστῶτες
1141 2281 1327 2341 τάφου.

126 2353 183 2393 Cf.
204 2352 635 2410 Argument.-z}'o‘uvvj
665 2353 746 2408 μὲν
775 2353 906 2409 σκηνή
926 2355 1004 2396 τοῦ
1025 2352 1245 2410 δράματος
1275 2351 1399 2407 παρὰ
1425 2353 1487 2409 τῷ
1515 2350 1639 2407 τάφῳ

128 2423 335 2476 Δαρείου.
394 2423 543 2471 Quodsi
572 2423 751 2464 tumulus
781 2424 844 2464 ille
875 2424 915 2463 in
945 2437 1084 2465 scaena
1114 2430 1186 2473 est,
1219 2437 1270 2464 ne
1298 2423 1437 2463 Atussa
1467 2422 1640 2475 quidem,

124 2495 170 2530 ut
184 2492 280 2532 avult
301 2491 630 2546 Droysenius‚
651 2492 694 2533 in
716 2492 951 2533 orchestram
982 2493 1231 2534 descendisse
1251 2493 1444 2533 credenda
1474 2496 1547 2532 est.
1592 2492 1642 2531 At

128 2557 306 2609 libatura,
335 2560 533 2614 inquiunt,
565 2574 653 2602 cum
686 2562 804 2602 choro
834 2562 981 2602 ibidem
1013 2575 1098 2604 esse
1129 2562 1255 2610 debet,
1291 2562 1359 2602 ubi
1395 2567 1454 2602 est
1484 2561 1638 2602 chorus.

130 2626 324 2681 Profecto,
355 2630 389 2670 si
418 2631 583 2672 libatura
614 2638 717 2672 esset
747 2643 836 2671 cum
868 2632 1000 2672 choro.
1060 2632 1136 2672 Sed
1169 2632 1333 2672 chorum
1368 2630 1509 2671 iubens
1531 2629 1642 2670 'acci-

133 2707 243 2743 nere,
270 2697 354 2750 ipsa
382 2700 507 2742 solam
537 2713 581 2741 se
610 2713 718 2741 sacra
749 2700 940 2742 facturam
971 2714 1057 2742 esse
1085 2701 1295 2754 profitetur

224 2813 247 2855 ²)
272 2815 415 2848 Athon.
450 2817 502 2850 de
524 2817 768 2850 machinis
792 2817 828 2849 in
851 2817 944 2851 Vett.
968 2817 1194 2851 Mathematic.
1221 2827 1294 2860 opp.
1328 2816 1379 2849 ed.
1408 2814 1517 2848 Paris.
1546 2814 1641 2847 1693.

130 2871 245 2915 subp.
267 2871 302 2906 8.
332 2871 601 2908 κατεσκεύασαν
635 2874 678 2908 δέ
710 2885 800 2912 τινες
829 2872 871 2907 ἐν
900 2875 1092 2922 πολιορκίᾳ
1123 2869 1353 2919 κλιμάκων
1374 2873 1478 2918 γένη
1502 2883 1643 2919 παρα-

131 2924 298 2971 πλήσια
327 2931 427 2968 τοῖς
454 2932 707 2976 τιθεμένοις
730 2931 777 2967 ἐν
811 2933 902 2970 τοῖς
936 2931 1147 2980 θεάτροις
1177 2930 1293 2979 πρὸς
1316 2928 1366 2963 τὰ
1391 2926 1643 2978 προσκήνια

130 2987 221 3024 τοῖς
242 2983 519 3034 ὑποκριταῖς.

1362 3045 1432 3099 10*
