<?xml version="1.0" encoding="UTF-8"?>
<!DOCTYPE html PUBLIC "-//W3C//DTD XHTML 1.0 Transitional//EN"
    "http://www.w3.org/TR/xhtml1/DTD/xhtml1-transitional.dtd">
<html xmlns="http://www.w3.org/1999/xhtml" xml:lang="en" lang="en">
 <head>
  <title>
</title>
<meta http-equiv="Content-Type" content="text/html;charset=utf-8" />
  <meta name='ocr-system' content='tesseract 3.04.00' />
  <meta name='ocr-capabilities' content='ocr_page ocr_carea ocr_par ocr_line ocrx_word'/>
</head>
<body>
  <div class='ocr_page' id='page_1' title='image "./scaenicacollecta00sommuoft_0032.png"; bbox 0 0 2014 3204; ppageno 0'>
   <div class='ocr_carea' id='block_1_1' title="bbox 886 249 1168 289">
    <p class='ocr_par' dir='ltr' id='par_1_1' title="bbox 886 249 1168 289">
     <span class='ocr_line' id='line_1_1' title="bbox 886 249 1168 289; baseline 0.007 -11"><span class='ocrx_word' id='word_1_1' title='bbox 886 249 1168 289; x_wconf 33' lang='lat' dir='ltr'>„20ss</span> 
     </span>
    </p>
   </div>
   <div class='ocr_carea' id='block_1_2' title="bbox 254 365 1796 2472">
    <p class='ocr_par' dir='ltr' id='par_1_2' title="bbox 254 365 1795 621">
     <span class='ocr_line' id='line_1_2' title="bbox 254 365 1793 418; baseline 0.003 -15"><span class='ocrx_word' id='word_1_2' title='bbox 254 365 426 418; x_wconf 72' lang='lat' dir='ltr'>quitatis</span> <span class='ocrx_word' id='word_1_3' title='bbox 457 366 615 417; x_wconf 89' lang='lat' dir='ltr'>quidem</span> <span class='ocrx_word' id='word_1_4' title='bbox 647 366 819 417; x_wconf 86' lang='lat' dir='ltr'>speciem</span> <span class='ocrx_word' id='word_1_5' title='bbox 851 365 1060 405; x_wconf 78' lang='lat' dir='ltr'>exhibeant</span> <span class='ocrx_word' id='word_1_6' title='bbox 1090 366 1250 405; x_wconf 85' lang='lat' dir='ltr'>nullam.</span> <span class='ocrx_word' id='word_1_7' title='bbox 1312 366 1467 407; x_wconf 83' lang='lat' dir='ltr'>Scilicet</span> <span class='ocrx_word' id='word_1_8' title='bbox 1507 367 1621 417; x_wconf 82' lang='lat' dir='ltr'>genio</span> <span class='ocrx_word' id='word_1_9' title='bbox 1661 367 1793 407; x_wconf 90' lang='lat' dir='ltr'>indul-</span> 
     </span>
     <span class='ocr_line' id='line_1_3' title="bbox 266 433 1795 487; baseline 0.003 -15"><span class='ocrx_word' id='word_1_10' title='bbox 266 446 357 484; x_wconf 89' lang='lat' dir='ltr'>gere</span> <span class='ocrx_word' id='word_1_11' title='bbox 389 433 552 479; x_wconf 90' lang='lat' dir='ltr'>malunt,</span> <span class='ocrx_word' id='word_1_12' title='bbox 584 445 701 484; x_wconf 91' lang='lat' dir='ltr'>quam</span> <span class='ocrx_word' id='word_1_13' title='bbox 734 433 774 472; x_wconf 91' lang='lat' dir='ltr'>in</span> <span class='ocrx_word' id='word_1_14' title='bbox 807 446 971 485; x_wconf 89' lang='lat' dir='ltr'>operosa</span> <span class='ocrx_word' id='word_1_15' title='bbox 995 438 1169 474; x_wconf 89' lang='lat' dir='ltr'>veterum</span> <span class='ocrx_word' id='word_1_16' title='bbox 1202 434 1527 487; x_wconf 78' lang='lat' dir='ltr'>interpretatione</span> <span class='ocrx_word' id='word_1_17' title='bbox 1548 436 1724 485; x_wconf 90' lang='lat' dir='ltr'>haerere,</span> <span class='ocrx_word' id='word_1_18' title='bbox 1755 442 1795 476; x_wconf 90' lang='lat' dir='ltr'>et</span> 
     </span>
     <span class='ocr_line' id='line_1_4' title="bbox 265 501 1794 556; baseline 0.002 -16"><span class='ocrx_word' id='word_1_19' title='bbox 265 502 466 553; x_wconf 79' lang='lat' dir='ltr'>integrum</span> <span class='ocrx_word' id='word_1_20' title='bbox 489 501 647 553; x_wconf 83' lang='lat' dir='ltr'>aliquod</span> <span class='ocrx_word' id='word_1_21' title='bbox 670 502 888 542; x_wconf 86' lang='lat' dir='ltr'>aedificium</span> <span class='ocrx_word' id='word_1_22' title='bbox 913 507 1127 551; x_wconf 82' lang='lat' dir='ltr'>exstruere,</span> <span class='ocrx_word' id='word_1_23' title='bbox 1160 515 1276 556; x_wconf 89' lang='lat' dir='ltr'>quam</span> <span class='ocrx_word' id='word_1_24' title='bbox 1298 503 1424 543; x_wconf 88' lang='lat' dir='ltr'>lacera</span> <span class='ocrx_word' id='word_1_25' title='bbox 1456 516 1502 542; x_wconf 86' lang='lat' dir='ltr'>ex</span> <span class='ocrx_word' id='word_1_26' title='bbox 1522 503 1635 544; x_wconf 91' lang='lat' dir='ltr'>ruina</span> <span class='ocrx_word' id='word_1_27' title='bbox 1657 516 1794 544; x_wconf 87' lang='lat' dir='ltr'>eruere</span> 
     </span>
     <span class='ocr_line' id='line_1_5' title="bbox 265 571 502 621; baseline -0.004 -11"><span class='ocrx_word' id='word_1_28' title='bbox 265 571 502 621; x_wconf 86' lang='lat' dir='ltr'>fragmenta.</span> 
     </span>
    </p>

    <p class='ocr_par' dir='ltr' id='par_1_3' title="bbox 263 639 1796 1158">
     <span class='ocr_line' id='line_1_6' title="bbox 377 639 1792 693; baseline 0.001 -15"><span class='ocrx_word' id='word_1_29' title='bbox 377 639 471 686; x_wconf 87' lang='lat' dir='ltr'>Alii,</span> <span class='ocrx_word' id='word_1_30' title='bbox 512 644 556 678; x_wconf 88' lang='lat' dir='ltr'>ut</span> <span class='ocrx_word' id='word_1_31' title='bbox 592 644 630 678; x_wconf 93' lang='lat' dir='ltr'>et</span> <span class='ocrx_word' id='word_1_32' title='bbox 660 639 734 691; x_wconf 89' lang='lat' dir='ltr'>ipsi</span> <span class='ocrx_word' id='word_1_33' title='bbox 763 639 1001 691; x_wconf 87' lang='lat' dir='ltr'>scriptorum</span> <span class='ocrx_word' id='word_1_34' title='bbox 1039 639 1264 680; x_wconf 85' lang='lat' dir='ltr'>testimonia</span> <span class='ocrx_word' id='word_1_35' title='bbox 1302 640 1390 692; x_wconf 90' lang='lat' dir='ltr'>plus</span> <span class='ocrx_word' id='word_1_36' title='bbox 1430 640 1536 680; x_wconf 89' lang='lat' dir='ltr'>iusto</span> <span class='ocrx_word' id='word_1_37' title='bbox 1568 640 1792 693; x_wconf 88' lang='lat' dir='ltr'>neglegunt,</span> 
     </span>
     <span class='ocr_line' id='line_1_7' title="bbox 264 707 1796 761; baseline 0.001 -14"><span class='ocrx_word' id='word_1_38' title='bbox 264 707 317 747; x_wconf 88' lang='lat' dir='ltr'>ita</span> <span class='ocrx_word' id='word_1_39' title='bbox 349 720 394 747; x_wconf 92' lang='lat' dir='ltr'>ex</span> <span class='ocrx_word' id='word_1_40' title='bbox 427 707 570 747; x_wconf 88' lang='lat' dir='ltr'>artium</span> <span class='ocrx_word' id='word_1_41' title='bbox 603 707 852 759; x_wconf 90' lang='lat' dir='ltr'>potissimum</span> <span class='ocrx_word' id='word_1_42' title='bbox 886 707 1062 760; x_wconf 88' lang='lat' dir='ltr'>reliquiis</span> <span class='ocrx_word' id='word_1_43' title='bbox 1094 721 1252 748; x_wconf 90' lang='lat' dir='ltr'>omnem</span> <span class='ocrx_word' id='word_1_44' title='bbox 1284 721 1368 748; x_wconf 88' lang='lat' dir='ltr'>rem</span> <span class='ocrx_word' id='word_1_45' title='bbox 1413 708 1630 749; x_wconf 89' lang='lat' dir='ltr'>scaenicam</span> <span class='ocrx_word' id='word_1_46' title='bbox 1672 708 1796 761; x_wconf 87' lang='lat' dir='ltr'>expli-</span> 
     </span>
     <span class='ocr_line' id='line_1_8' title="bbox 264 776 1795 829; baseline 0.001 -13"><span class='ocrx_word' id='word_1_47' title='bbox 264 777 430 816; x_wconf 84' lang='lat' dir='ltr'>candam</span> <span class='ocrx_word' id='word_1_48' title='bbox 462 788 548 815; x_wconf 91' lang='lat' dir='ltr'>esse</span> <span class='ocrx_word' id='word_1_49' title='bbox 571 780 760 815; x_wconf 84' lang='lat' dir='ltr'>statuunt.</span> <span class='ocrx_word' id='word_1_50' title='bbox 809 776 883 823; x_wconf 85' lang='lat' dir='ltr'>Qui</span> <span class='ocrx_word' id='word_1_51' title='bbox 914 776 1072 828; x_wconf 87' lang='lat' dir='ltr'>quidem</span> <span class='ocrx_word' id='word_1_52' title='bbox 1105 790 1193 817; x_wconf 90' lang='lat' dir='ltr'>cum</span> <span class='ocrx_word' id='word_1_53' title='bbox 1217 777 1372 829; x_wconf 86' lang='lat' dir='ltr'>praeter</span> <span class='ocrx_word' id='word_1_54' title='bbox 1401 778 1621 818; x_wconf 90' lang='lat' dir='ltr'>litterarum</span> <span class='ocrx_word' id='word_1_55' title='bbox 1652 790 1795 817; x_wconf 90' lang='lat' dir='ltr'>monu-</span> 
     </span>
     <span class='ocr_line' id='line_1_9' title="bbox 264 846 1796 898; baseline 0.001 -14"><span class='ocrx_word' id='word_1_56' title='bbox 264 851 395 884; x_wconf 84' lang='lat' dir='ltr'>menta</span> <span class='ocrx_word' id='word_1_57' title='bbox 441 850 569 884; x_wconf 85' lang='lat' dir='ltr'>cetera</span> <span class='ocrx_word' id='word_1_58' title='bbox 602 849 709 884; x_wconf 87' lang='lat' dir='ltr'>muta</span> <span class='ocrx_word' id='word_1_59' title='bbox 741 857 811 896; x_wconf 83' lang='lat' dir='ltr'>per</span> <span class='ocrx_word' id='word_1_60' title='bbox 840 857 882 884; x_wconf 90' lang='lat' dir='ltr'>se</span> <span class='ocrx_word' id='word_1_61' title='bbox 913 857 1000 884; x_wconf 89' lang='lat' dir='ltr'>esse</span> <span class='ocrx_word' id='word_1_62' title='bbox 1030 857 1109 885; x_wconf 91' lang='lat' dir='ltr'>non</span> <span class='ocrx_word' id='word_1_63' title='bbox 1149 846 1428 894; x_wconf 82' lang='lat' dir='ltr'>meminerint,</span> <span class='ocrx_word' id='word_1_64' title='bbox 1473 846 1702 898; x_wconf 82' lang='lat' dir='ltr'>saepissime</span> <span class='ocrx_word' id='word_1_65' title='bbox 1741 846 1796 886; x_wconf 89' lang='lat' dir='ltr'>illi</span> 
     </span>
     <span class='ocr_line' id='line_1_10' title="bbox 264 912 1795 966; baseline 0.001 -14"><span class='ocrx_word' id='word_1_66' title='bbox 264 913 304 952; x_wconf 91' lang='lat' dir='ltr'>in</span> <span class='ocrx_word' id='word_1_67' title='bbox 336 912 529 952; x_wconf 88' lang='lat' dir='ltr'>maximos</span> <span class='ocrx_word' id='word_1_68' title='bbox 559 912 770 952; x_wconf 89' lang='lat' dir='ltr'>incurrunt</span> <span class='ocrx_word' id='word_1_69' title='bbox 793 925 945 953; x_wconf 86' lang='lat' dir='ltr'>errores</span> <span class='ocrx_word' id='word_1_70' title='bbox 966 926 1150 966; x_wconf 89' lang='lat' dir='ltr'>suasque,</span> <span class='ocrx_word' id='word_1_71' title='bbox 1182 927 1277 966; x_wconf 89' lang='lat' dir='ltr'>quas</span> <span class='ocrx_word' id='word_1_72' title='bbox 1309 928 1355 954; x_wconf 88' lang='lat' dir='ltr'>ex</span> <span class='ocrx_word' id='word_1_73' title='bbox 1384 921 1522 954; x_wconf 83' lang='lat' dir='ltr'>nostro</span> <span class='ocrx_word' id='word_1_74' title='bbox 1553 915 1610 954; x_wconf 94' lang='lat' dir='ltr'>rei</span> <span class='ocrx_word' id='word_1_75' title='bbox 1641 914 1795 954; x_wconf 87' lang='lat' dir='ltr'>scaeni-</span> 
     </span>
     <span class='ocr_line' id='line_1_11' title="bbox 264 981 1792 1035; baseline 0.002 -15"><span class='ocrx_word' id='word_1_76' title='bbox 264 994 331 1020; x_wconf 90' lang='lat' dir='ltr'>cae</span> <span class='ocrx_word' id='word_1_77' title='bbox 362 986 466 1021; x_wconf 89' lang='lat' dir='ltr'>statu</span> <span class='ocrx_word' id='word_1_78' title='bbox 488 981 720 1028; x_wconf 85' lang='lat' dir='ltr'>hauserunt,</span> <span class='ocrx_word' id='word_1_79' title='bbox 755 982 975 1021; x_wconf 84' lang='lat' dir='ltr'>sententias</span> <span class='ocrx_word' id='word_1_80' title='bbox 1006 982 1046 1021; x_wconf 91' lang='lat' dir='ltr'>in</span> <span class='ocrx_word' id='word_1_81' title='bbox 1077 983 1316 1023; x_wconf 82' lang='lat' dir='ltr'>Graecorum</span> <span class='ocrx_word' id='word_1_82' title='bbox 1340 983 1691 1035; x_wconf 83' lang='lat' dir='ltr'>Romanorumque</span> <span class='ocrx_word' id='word_1_83' title='bbox 1722 996 1792 1023; x_wconf 89' lang='lat' dir='ltr'>an-</span> 
     </span>
     <span class='ocr_line' id='line_1_12' title="bbox 263 1050 1795 1104; baseline 0.002 -15"><span class='ocrx_word' id='word_1_84' title='bbox 263 1050 487 1101; x_wconf 88' lang='lat' dir='ltr'>tiquitatem</span> <span class='ocrx_word' id='word_1_85' title='bbox 521 1050 631 1089; x_wconf 87' lang='lat' dir='ltr'>facile</span> <span class='ocrx_word' id='word_1_86' title='bbox 661 1051 947 1090; x_wconf 81' lang='lat' dir='ltr'>transferentes</span> <span class='ocrx_word' id='word_1_87' title='bbox 979 1056 1018 1090; x_wconf 92' lang='lat' dir='ltr'>et</span> <span class='ocrx_word' id='word_1_88' title='bbox 1048 1052 1188 1091; x_wconf 86' lang='lat' dir='ltr'>ceteris</span> <span class='ocrx_word' id='word_1_89' title='bbox 1234 1058 1273 1091; x_wconf 91' lang='lat' dir='ltr'>et</span> <span class='ocrx_word' id='word_1_90' title='bbox 1308 1052 1379 1092; x_wconf 91' lang='lat' dir='ltr'>sibi</span> <span class='ocrx_word' id='word_1_91' title='bbox 1422 1052 1498 1104; x_wconf 89' lang='lat' dir='ltr'>ipsi</span> <span class='ocrx_word' id='word_1_92' title='bbox 1528 1052 1640 1092; x_wconf 88' lang='lat' dir='ltr'>inviti</span> <span class='ocrx_word' id='word_1_93' title='bbox 1685 1053 1795 1092; x_wconf 86' lang='lat' dir='ltr'>frau-</span> 
     </span>
     <span class='ocr_line' id='line_1_13' title="bbox 264 1119 545 1158; baseline 0 0"><span class='ocrx_word' id='word_1_94' title='bbox 264 1119 352 1158; x_wconf 86' lang='lat' dir='ltr'>dem</span> <span class='ocrx_word' id='word_1_95' title='bbox 384 1119 545 1158; x_wconf 84' lang='lat' dir='ltr'>faciunt.</span> 
     </span>
    </p>

    <p class='ocr_par' dir='ltr' id='par_1_4' title="bbox 262 1187 1796 2472">
     <span class='ocr_line' id='line_1_14' title="bbox 377 1187 1794 1241; baseline 0.002 -15"><span class='ocrx_word' id='word_1_96' title='bbox 377 1188 448 1227; x_wconf 81' lang='lat' dir='ltr'>Alii</span> <span class='ocrx_word' id='word_1_97' title='bbox 499 1187 666 1239; x_wconf 87' lang='lat' dir='ltr'>denique</span> <span class='ocrx_word' id='word_1_98' title='bbox 716 1188 935 1228; x_wconf 86' lang='lat' dir='ltr'>Hermanni</span> <span class='ocrx_word' id='word_1_99' title='bbox 984 1188 1180 1227; x_wconf 89' lang='lat' dir='ltr'>rationem</span> <span class='ocrx_word' id='word_1_100' title='bbox 1229 1187 1412 1228; x_wconf 86' lang='lat' dir='ltr'>ineuntes</span> <span class='ocrx_word' id='word_1_101' title='bbox 1471 1189 1794 1241; x_wconf 86' lang='lat' dir='ltr'>pedetentimque</span> 
     </span>
     <span class='ocr_line' id='line_1_15' title="bbox 263 1256 1795 1309; baseline 0.001 -13"><span class='ocrx_word' id='word_1_102' title='bbox 263 1256 596 1309; x_wconf 83' lang='lat' dir='ltr'>progrediendum</span> <span class='ocrx_word' id='word_1_103' title='bbox 645 1269 729 1296; x_wconf 87' lang='lat' dir='ltr'>esse</span> <span class='ocrx_word' id='word_1_104' title='bbox 769 1256 843 1295; x_wconf 90' lang='lat' dir='ltr'>rati</span> <span class='ocrx_word' id='word_1_105' title='bbox 875 1268 1072 1295; x_wconf 87' lang='lat' dir='ltr'>summam</span> <span class='ocrx_word' id='word_1_106' title='bbox 1111 1256 1151 1294; x_wconf 92' lang='lat' dir='ltr'>in</span> <span class='ocrx_word' id='word_1_107' title='bbox 1196 1256 1418 1297; x_wconf 89' lang='lat' dir='ltr'>litterarum</span> <span class='ocrx_word' id='word_1_108' title='bbox 1465 1258 1712 1298; x_wconf 81' lang='lat' dir='ltr'>documentis</span> <span class='ocrx_word' id='word_1_109' title='bbox 1757 1263 1795 1298; x_wconf 89' lang='lat' dir='ltr'>et</span> 
     </span>
     <span class='ocr_line' id='line_1_16' title="bbox 263 1324 1794 1377; baseline 0 -12"><span class='ocrx_word' id='word_1_110' title='bbox 263 1326 486 1376; x_wconf 86' lang='lat' dir='ltr'>colligendis</span> <span class='ocrx_word' id='word_1_111' title='bbox 519 1330 557 1364; x_wconf 90' lang='lat' dir='ltr'>et</span> <span class='ocrx_word' id='word_1_112' title='bbox 588 1324 844 1364; x_wconf 87' lang='lat' dir='ltr'>emendandis</span> <span class='ocrx_word' id='word_1_113' title='bbox 877 1330 915 1364; x_wconf 89' lang='lat' dir='ltr'>et</span> <span class='ocrx_word' id='word_1_114' title='bbox 957 1324 1196 1376; x_wconf 88' lang='lat' dir='ltr'>explicandis</span> <span class='ocrx_word' id='word_1_115' title='bbox 1238 1337 1396 1377; x_wconf 85' lang='lat' dir='ltr'>operam</span> <span class='ocrx_word' id='word_1_116' title='bbox 1437 1325 1663 1377; x_wconf 87' lang='lat' dir='ltr'>ponendam</span> <span class='ocrx_word' id='word_1_117' title='bbox 1708 1337 1794 1366; x_wconf 89' lang='lat' dir='ltr'>esse</span> 
     </span>
     <span class='ocr_line' id='line_1_17' title="bbox 262 1393 1795 1446; baseline 0.001 -13"><span class='ocrx_word' id='word_1_118' title='bbox 262 1399 439 1433; x_wconf 90' lang='lat' dir='ltr'>censent.</span> <span class='ocrx_word' id='word_1_119' title='bbox 486 1394 613 1445; x_wconf 86' lang='lat' dir='ltr'>Atque</span> <span class='ocrx_word' id='word_1_120' title='bbox 643 1394 744 1434; x_wconf 86' lang='lat' dir='ltr'>hanc</span> <span class='ocrx_word' id='word_1_121' title='bbox 766 1394 947 1446; x_wconf 89' lang='lat' dir='ltr'>equidem</span> <span class='ocrx_word' id='word_1_122' title='bbox 978 1394 1101 1432; x_wconf 91' lang='lat' dir='ltr'>solam</span> <span class='ocrx_word' id='word_1_123' title='bbox 1124 1393 1223 1433; x_wconf 89' lang='lat' dir='ltr'>viam</span> <span class='ocrx_word' id='word_1_124' title='bbox 1256 1406 1343 1432; x_wconf 90' lang='lat' dir='ltr'>esse</span> <span class='ocrx_word' id='word_1_125' title='bbox 1373 1393 1513 1441; x_wconf 87' lang='lat' dir='ltr'>iudico,</span> <span class='ocrx_word' id='word_1_126' title='bbox 1545 1407 1622 1445; x_wconf 88' lang='lat' dir='ltr'>qua</span> <span class='ocrx_word' id='word_1_127' title='bbox 1642 1394 1795 1434; x_wconf 85' lang='lat' dir='ltr'>naviter</span> 
     </span>
     <span class='ocr_line' id='line_1_18' title="bbox 262 1461 1794 1515; baseline 0 -14"><span class='ocrx_word' id='word_1_128' title='bbox 262 1462 489 1502; x_wconf 87' lang='lat' dir='ltr'>incedentes</span> <span class='ocrx_word' id='word_1_129' title='bbox 521 1463 567 1502; x_wconf 91' lang='lat' dir='ltr'>ad</span> <span class='ocrx_word' id='word_1_130' title='bbox 598 1463 650 1510; x_wconf 89' lang='lat' dir='ltr'>id,</span> <span class='ocrx_word' id='word_1_131' title='bbox 681 1463 786 1514; x_wconf 89' lang='lat' dir='ltr'>quod</span> <span class='ocrx_word' id='word_1_132' title='bbox 817 1462 1063 1515; x_wconf 87' lang='lat' dir='ltr'>propositum</span> <span class='ocrx_word' id='word_1_133' title='bbox 1106 1467 1183 1509; x_wconf 90' lang='lat' dir='ltr'>est,</span> <span class='ocrx_word' id='word_1_134' title='bbox 1221 1462 1253 1501; x_wconf 91' lang='lat' dir='ltr'>si</span> <span class='ocrx_word' id='word_1_135' title='bbox 1290 1474 1370 1500; x_wconf 91' lang='lat' dir='ltr'>non</span> <span class='ocrx_word' id='word_1_136' title='bbox 1415 1461 1561 1508; x_wconf 90' lang='lat' dir='ltr'>veloci,</span> <span class='ocrx_word' id='word_1_137' title='bbox 1606 1467 1644 1501; x_wconf 89' lang='lat' dir='ltr'>at</span> <span class='ocrx_word' id='word_1_138' title='bbox 1686 1467 1794 1502; x_wconf 90' lang='lat' dir='ltr'>certo</span> 
     </span>
     <span class='ocr_line' id='line_1_19' title="bbox 262 1529 1794 1582; baseline -0.001 -11"><span class='ocrx_word' id='word_1_139' title='bbox 262 1543 380 1571; x_wconf 90' lang='lat' dir='ltr'>cursu</span> <span class='ocrx_word' id='word_1_140' title='bbox 426 1531 631 1582; x_wconf 86' lang='lat' dir='ltr'>pervenire</span> <span class='ocrx_word' id='word_1_141' title='bbox 677 1531 890 1582; x_wconf 90' lang='lat' dir='ltr'>possimus.</span> <span class='ocrx_word' id='word_1_142' title='bbox 952 1530 1087 1582; x_wconf 87' lang='lat' dir='ltr'>Itaque</span> <span class='ocrx_word' id='word_1_143' title='bbox 1133 1529 1398 1581; x_wconf 83' lang='lat' dir='ltr'>peragrandus</span> <span class='ocrx_word' id='word_1_144' title='bbox 1445 1535 1504 1569; x_wconf 89' lang='lat' dir='ltr'>est</span> <span class='ocrx_word' id='word_1_145' title='bbox 1548 1530 1794 1570; x_wconf 90' lang='lat' dir='ltr'>vastissimus</span> 
     </span>
     <span class='ocr_line' id='line_1_20' title="bbox 262 1598 1794 1651; baseline -0.001 -12"><span class='ocrx_word' id='word_1_146' title='bbox 262 1605 440 1639; x_wconf 87' lang='lat' dir='ltr'>veterum</span> <span class='ocrx_word' id='word_1_147' title='bbox 473 1599 712 1651; x_wconf 88' lang='lat' dir='ltr'>scriptorum</span> <span class='ocrx_word' id='word_1_148' title='bbox 747 1611 930 1650; x_wconf 89' lang='lat' dir='ltr'>campus,</span> <span class='ocrx_word' id='word_1_149' title='bbox 963 1598 1219 1638; x_wconf 86' lang='lat' dir='ltr'>excutiendae</span> <span class='ocrx_word' id='word_1_150' title='bbox 1249 1599 1309 1638; x_wconf 90' lang='lat' dir='ltr'>vel</span> <span class='ocrx_word' id='word_1_151' title='bbox 1338 1598 1626 1638; x_wconf 84' lang='lat' dir='ltr'>remotissimae</span> <span class='ocrx_word' id='word_1_152' title='bbox 1662 1611 1794 1650; x_wconf 85' lang='lat' dir='ltr'>gram-</span> 
     </span>
     <span class='ocr_line' id='line_1_21' title="bbox 262 1667 1792 1719; baseline -0.002 -11"><span class='ocrx_word' id='word_1_153' title='bbox 262 1669 509 1715; x_wconf 89' lang='lat' dir='ltr'>maticorum,</span> <span class='ocrx_word' id='word_1_154' title='bbox 540 1669 761 1715; x_wconf 87' lang='lat' dir='ltr'>rhetorum,</span> <span class='ocrx_word' id='word_1_155' title='bbox 792 1668 1160 1719; x_wconf 85' lang='lat' dir='ltr'>lexicographorum</span> <span class='ocrx_word' id='word_1_156' title='bbox 1191 1667 1438 1718; x_wconf 88' lang='lat' dir='ltr'>aliorumque</span> <span class='ocrx_word' id='word_1_157' title='bbox 1469 1667 1662 1715; x_wconf 90' lang='lat' dir='ltr'>latebrae,</span> <span class='ocrx_word' id='word_1_158' title='bbox 1694 1679 1792 1719; x_wconf 86' lang='lat' dir='ltr'>quae</span> 
     </span>
     <span class='ocr_line' id='line_1_22' title="bbox 262 1735 1794 1789; baseline -0.001 -13"><span class='ocrx_word' id='word_1_159' title='bbox 262 1738 517 1789; x_wconf 89' lang='lat' dir='ltr'>reperiuntur</span> <span class='ocrx_word' id='word_1_160' title='bbox 547 1736 771 1776; x_wconf 85' lang='lat' dir='ltr'>testimonia</span> <span class='ocrx_word' id='word_1_161' title='bbox 803 1737 851 1775; x_wconf 90' lang='lat' dir='ltr'>ad</span> <span class='ocrx_word' id='word_1_162' title='bbox 882 1736 1057 1776; x_wconf 84' lang='lat' dir='ltr'>criticam</span> <span class='ocrx_word' id='word_1_163' title='bbox 1089 1736 1337 1775; x_wconf 85' lang='lat' dir='ltr'>severitatem</span> <span class='ocrx_word' id='word_1_164' title='bbox 1369 1735 1572 1787; x_wconf 87' lang='lat' dir='ltr'>exigenda,</span> <span class='ocrx_word' id='word_1_165' title='bbox 1602 1735 1794 1775; x_wconf 89' lang='lat' dir='ltr'>librorum</span> 
     </span>
     <span class='ocr_line' id='line_1_23' title="bbox 263 1804 1794 1857; baseline -0.001 -12"><span class='ocrx_word' id='word_1_166' title='bbox 263 1806 492 1845; x_wconf 88' lang='lat' dir='ltr'>auctoritate</span> <span class='ocrx_word' id='word_1_167' title='bbox 522 1806 717 1853; x_wconf 86' lang='lat' dir='ltr'>sananda,</span> <span class='ocrx_word' id='word_1_168' title='bbox 750 1805 1075 1857; x_wconf 84' lang='lat' dir='ltr'>interpretatione</span> <span class='ocrx_word' id='word_1_169' title='bbox 1106 1804 1360 1856; x_wconf 87' lang='lat' dir='ltr'>expedienda.</span> <span class='ocrx_word' id='word_1_170' title='bbox 1423 1804 1573 1843; x_wconf 86' lang='lat' dir='ltr'>Deinde</span> <span class='ocrx_word' id='word_1_171' title='bbox 1609 1816 1710 1855; x_wconf 87' lang='lat' dir='ltr'>quae</span> <span class='ocrx_word' id='word_1_172' title='bbox 1747 1815 1794 1843; x_wconf 83' lang='lat' dir='ltr'>ex</span> 
     </span>
     <span class='ocr_line' id='line_1_24' title="bbox 263 1872 1792 1926; baseline -0.002 -12"><span class='ocrx_word' id='word_1_173' title='bbox 263 1875 378 1914; x_wconf 87' lang='lat' dir='ltr'>variis</span> <span class='ocrx_word' id='word_1_174' title='bbox 408 1874 668 1926; x_wconf 85' lang='lat' dir='ltr'>scriptoribus</span> <span class='ocrx_word' id='word_1_175' title='bbox 700 1875 903 1913; x_wconf 86' lang='lat' dir='ltr'>ssuxerunt</span> <span class='ocrx_word' id='word_1_176' title='bbox 933 1878 1044 1913; x_wconf 86' lang='lat' dir='ltr'>caute</span> <span class='ocrx_word' id='word_1_177' title='bbox 1076 1872 1265 1912; x_wconf 91' lang='lat' dir='ltr'>debemus</span> <span class='ocrx_word' id='word_1_178' title='bbox 1298 1872 1519 1924; x_wconf 90' lang='lat' dir='ltr'>disponere,</span> <span class='ocrx_word' id='word_1_179' title='bbox 1551 1872 1591 1911; x_wconf 92' lang='lat' dir='ltr'>in</span> <span class='ocrx_word' id='word_1_180' title='bbox 1622 1876 1792 1912; x_wconf 86' lang='lat' dir='ltr'>aetatum</span> 
     </span>
     <span class='ocr_line' id='line_1_25' title="bbox 264 1939 1796 1995; baseline -0.002 -13"><span class='ocrx_word' id='word_1_181' title='bbox 264 1943 490 1982; x_wconf 90' lang='lat' dir='ltr'>discrimina</span> <span class='ocrx_word' id='word_1_182' title='bbox 523 1943 687 1982; x_wconf 86' lang='lat' dir='ltr'>candide</span> <span class='ocrx_word' id='word_1_183' title='bbox 727 1942 946 1995; x_wconf 88' lang='lat' dir='ltr'>inquirere,</span> <span class='ocrx_word' id='word_1_184' title='bbox 984 1942 1194 1981; x_wconf 87' lang='lat' dir='ltr'>verborum</span> <span class='ocrx_word' id='word_1_185' title='bbox 1233 1940 1519 1981; x_wconf 86' lang='lat' dir='ltr'>vicissitudines</span> <span class='ocrx_word' id='word_1_186' title='bbox 1553 1940 1678 1992; x_wconf 88' lang='lat' dir='ltr'>probe</span> <span class='ocrx_word' id='word_1_187' title='bbox 1714 1939 1796 1979; x_wconf 90' lang='lat' dir='ltr'>dis-</span> 
     </span>
     <span class='ocr_line' id='line_1_26' title="bbox 264 2009 1795 2055; baseline -0.003 -4"><span class='ocrx_word' id='word_1_188' title='bbox 264 2024 438 2052; x_wconf 87' lang='lat' dir='ltr'>cernere.</span> <span class='ocrx_word' id='word_1_189' title='bbox 485 2012 565 2051; x_wconf 91' lang='lat' dir='ltr'>Tali</span> <span class='ocrx_word' id='word_1_190' title='bbox 599 2012 717 2051; x_wconf 90' lang='lat' dir='ltr'>modo</span> <span class='ocrx_word' id='word_1_191' title='bbox 748 2012 781 2050; x_wconf 92' lang='lat' dir='ltr'>si</span> <span class='ocrx_word' id='word_1_192' title='bbox 812 2011 972 2051; x_wconf 88' lang='lat' dir='ltr'>firmum</span> <span class='ocrx_word' id='word_1_193' title='bbox 1003 2010 1215 2049; x_wconf 88' lang='lat' dir='ltr'>iecerimus</span> <span class='ocrx_word' id='word_1_194' title='bbox 1235 2010 1456 2049; x_wconf 85' lang='lat' dir='ltr'>litterarum</span> <span class='ocrx_word' id='word_1_195' title='bbox 1479 2009 1795 2055; x_wconf 89' lang='lat' dir='ltr'>fundamentum,</span> 
     </span>
     <span class='ocr_line' id='line_1_27' title="bbox 263 2076 1795 2132; baseline -0.003 -12"><span class='ocrx_word' id='word_1_196' title='bbox 263 2093 344 2120; x_wconf 91' lang='lat' dir='ltr'>non</span> <span class='ocrx_word' id='word_1_197' title='bbox 378 2081 542 2120; x_wconf 89' lang='lat' dir='ltr'>dubium</span> <span class='ocrx_word' id='word_1_198' title='bbox 575 2080 743 2130; x_wconf 87' lang='lat' dir='ltr'>videtur,</span> <span class='ocrx_word' id='word_1_199' title='bbox 776 2081 872 2132; x_wconf 90' lang='lat' dir='ltr'>quin</span> <span class='ocrx_word' id='word_1_200' title='bbox 904 2079 1046 2119; x_wconf 86' lang='lat' dir='ltr'>artium</span> <span class='ocrx_word' id='word_1_201' title='bbox 1080 2090 1238 2129; x_wconf 88' lang='lat' dir='ltr'>quoque</span> <span class='ocrx_word' id='word_1_202' title='bbox 1268 2077 1302 2116; x_wconf 92' lang='lat' dir='ltr'>si</span> <span class='ocrx_word' id='word_1_203' title='bbox 1332 2077 1538 2116; x_wconf 88' lang='lat' dir='ltr'>accesserit</span> <span class='ocrx_word' id='word_1_204' title='bbox 1567 2076 1665 2116; x_wconf 88' lang='lat' dir='ltr'>fides</span> <span class='ocrx_word' id='word_1_205' title='bbox 1691 2076 1795 2115; x_wconf 89' lang='lat' dir='ltr'>mul-</span> 
     </span>
     <span class='ocr_line' id='line_1_28' title="bbox 262 2146 1795 2197; baseline -0.003 -9"><span class='ocrx_word' id='word_1_206' title='bbox 262 2154 348 2188; x_wconf 89' lang='lat' dir='ltr'>tum</span> <span class='ocrx_word' id='word_1_207' title='bbox 381 2149 443 2187; x_wconf 92' lang='lat' dir='ltr'>illa</span> <span class='ocrx_word' id='word_1_208' title='bbox 474 2149 530 2188; x_wconf 90' lang='lat' dir='ltr'>rei</span> <span class='ocrx_word' id='word_1_209' title='bbox 561 2149 762 2188; x_wconf 88' lang='lat' dir='ltr'>scaenicae</span> <span class='ocrx_word' id='word_1_210' title='bbox 791 2148 890 2188; x_wconf 89' lang='lat' dir='ltr'>lucis</span> <span class='ocrx_word' id='word_1_211' title='bbox 921 2148 971 2187; x_wconf 87' lang='lat' dir='ltr'>sit</span> <span class='ocrx_word' id='word_1_212' title='bbox 1002 2148 1174 2186; x_wconf 89' lang='lat' dir='ltr'>allatura.</span> <span class='ocrx_word' id='word_1_213' title='bbox 1235 2146 1505 2197; x_wconf 84' lang='lat' dir='ltr'>Quapropter,</span> <span class='ocrx_word' id='word_1_214' title='bbox 1550 2151 1595 2184; x_wconf 91' lang='lat' dir='ltr'>ut</span> <span class='ocrx_word' id='word_1_215' title='bbox 1632 2149 1795 2191; x_wconf 88' lang='lat' dir='ltr'>taceam,</span> 
     </span>
     <span class='ocr_line' id='line_1_29' title="bbox 264 2212 1796 2269; baseline -0.003 -13"><span class='ocrx_word' id='word_1_216' title='bbox 264 2229 382 2269; x_wconf 91' lang='lat' dir='ltr'>quem</span> <span class='ocrx_word' id='word_1_217' title='bbox 422 2218 594 2256; x_wconf 85' lang='lat' dir='ltr'>fructum</span> <span class='ocrx_word' id='word_1_218' title='bbox 644 2230 691 2256; x_wconf 91' lang='lat' dir='ltr'>ex</span> <span class='ocrx_word' id='word_1_219' title='bbox 734 2217 931 2268; x_wconf 89' lang='lat' dir='ltr'>pictorum</span> <span class='ocrx_word' id='word_1_220' title='bbox 970 2215 1334 2266; x_wconf 88' lang='lat' dir='ltr'>statuariorumque</span> <span class='ocrx_word' id='word_1_221' title='bbox 1373 2213 1559 2265; x_wconf 88' lang='lat' dir='ltr'>operibus</span> <span class='ocrx_word' id='word_1_222' title='bbox 1595 2212 1796 2265; x_wconf 88' lang='lat' dir='ltr'>possimus</span> 
     </span>
     <span class='ocr_line' id='line_1_30' title="bbox 265 2281 1794 2337; baseline -0.003 -13"><span class='ocrx_word' id='word_1_223' title='bbox 265 2286 483 2337; x_wconf 86' lang='lat' dir='ltr'>percipere,</span> <span class='ocrx_word' id='word_1_224' title='bbox 516 2285 820 2325; x_wconf 88' lang='lat' dir='ltr'>architectorum</span> <span class='ocrx_word' id='word_1_225' title='bbox 852 2285 1105 2336; x_wconf 88' lang='lat' dir='ltr'>potissimum</span> <span class='ocrx_word' id='word_1_226' title='bbox 1137 2282 1393 2329; x_wconf 85' lang='lat' dir='ltr'>admirabilia,</span> <span class='ocrx_word' id='word_1_227' title='bbox 1425 2293 1526 2333; x_wconf 86' lang='lat' dir='ltr'>quae</span> <span class='ocrx_word' id='word_1_228' title='bbox 1556 2293 1628 2333; x_wconf 90' lang='lat' dir='ltr'>per</span> <span class='ocrx_word' id='word_1_229' title='bbox 1651 2281 1794 2329; x_wconf 81' lang='lat' dir='ltr'>Asiam,</span> 
     </span>
     <span class='ocr_line' id='line_1_31' title="bbox 265 2349 1796 2404; baseline -0.004 -11"><span class='ocrx_word' id='word_1_230' title='bbox 265 2354 490 2400; x_wconf 87' lang='lat' dir='ltr'>Graeciam,</span> <span class='ocrx_word' id='word_1_231' title='bbox 537 2354 705 2400; x_wconf 79' lang='lat' dir='ltr'>ltaliam,</span> <span class='ocrx_word' id='word_1_232' title='bbox 745 2354 936 2401; x_wconf 86' lang='lat' dir='ltr'>Siciliam,</span> <span class='ocrx_word' id='word_1_233' title='bbox 975 2352 1226 2404; x_wconf 86' lang='lat' dir='ltr'>Hispaniam,</span> <span class='ocrx_word' id='word_1_234' title='bbox 1264 2350 1425 2390; x_wconf 89' lang='lat' dir='ltr'>Galliam</span> <span class='ocrx_word' id='word_1_235' title='bbox 1472 2349 1644 2402; x_wconf 89' lang='lat' dir='ltr'>dispersa</span> <span class='ocrx_word' id='word_1_236' title='bbox 1688 2354 1796 2396; x_wconf 89' lang='lat' dir='ltr'>sunt,</span> 
     </span>
     <span class='ocr_line' id='line_1_32' title="bbox 264 2418 1795 2472; baseline -0.004 -11"><span class='ocrx_word' id='word_1_237' title='bbox 264 2422 508 2461; x_wconf 88' lang='lat' dir='ltr'>theatrorum</span> <span class='ocrx_word' id='word_1_238' title='bbox 546 2427 804 2462; x_wconf 89' lang='lat' dir='ltr'>monumenta</span> <span class='ocrx_word' id='word_1_239' title='bbox 851 2421 1091 2469; x_wconf 86' lang='lat' dir='ltr'>accuratius,</span> <span class='ocrx_word' id='word_1_240' title='bbox 1133 2432 1249 2472; x_wconf 89' lang='lat' dir='ltr'>quam</span> <span class='ocrx_word' id='word_1_241' title='bbox 1287 2420 1493 2470; x_wconf 88' lang='lat' dir='ltr'>hucusque</span> <span class='ocrx_word' id='word_1_242' title='bbox 1529 2418 1675 2457; x_wconf 88' lang='lat' dir='ltr'>factum</span> <span class='ocrx_word' id='word_1_243' title='bbox 1722 2422 1795 2464; x_wconf 87' lang='lat' dir='ltr'>est,</span> 
     </span>
    </p>
   </div>
   <div class='ocr_carea' id='block_1_3' title="bbox 265 2485 1846 2537">
    <p class='ocr_par' dir='ltr' id='par_1_5' title="bbox 265 2485 1846 2537">
     <span class='ocr_line' id='line_1_33' title="bbox 265 2485 1846 2537; baseline -0.004 -7"><span class='ocrx_word' id='word_1_244' title='bbox 265 2495 359 2530; x_wconf 90' lang='lat' dir='ltr'>sunt</span> <span class='ocrx_word' id='word_1_245' title='bbox 390 2489 660 2537; x_wconf 89' lang='lat' dir='ltr'>describenda,</span> <span class='ocrx_word' id='word_1_246' title='bbox 692 2489 789 2529; x_wconf 85' lang='lat' dir='ltr'>scite</span> <span class='ocrx_word' id='word_1_247' title='bbox 820 2489 1092 2537; x_wconf 89' lang='lat' dir='ltr'>examinanda,</span> <span class='ocrx_word' id='word_1_248' title='bbox 1124 2501 1212 2528; x_wconf 88' lang='lat' dir='ltr'>cum</span> <span class='ocrx_word' id='word_1_249' title='bbox 1245 2487 1462 2526; x_wconf 89' lang='lat' dir='ltr'>litterarum</span> <span class='ocrx_word' id='word_1_250' title='bbox 1499 2485 1655 2525; x_wconf 89' lang='lat' dir='ltr'>indiciis</span> <span class='ocrx_word' id='word_1_251' title='bbox 1685 2497 1796 2524; x_wconf 90' lang='lat' dir='ltr'>com-</span> <span class='ocrx_word' id='word_1_252' title='bbox 1844 2517 1846 2519; x_wconf 89' lang='lat'>.</span> 
     </span>
    </p>
   </div>
   <div class='ocr_carea' id='block_1_4' title="bbox 265 2559 1797 2952">
    <p class='ocr_par' dir='ltr' id='par_1_6' title="bbox 265 2559 447 2610">
     <span class='ocr_line' id='line_1_34' title="bbox 265 2559 447 2610; baseline 0.005 -13"><span class='ocrx_word' id='word_1_253' title='bbox 265 2559 447 2610; x_wconf 87' lang='lat' dir='ltr'>paranda.</span> 
     </span>
    </p>

    <p class='ocr_par' dir='ltr' id='par_1_7' title="bbox 266 2621 1797 2952">
     <span class='ocr_line' id='line_1_35' title="bbox 378 2621 1796 2678; baseline -0.004 -12"><span class='ocrx_word' id='word_1_254' title='bbox 378 2626 507 2672; x_wconf 90' lang='lat' dir='ltr'>Vides,</span> <span class='ocrx_word' id='word_1_255' title='bbox 540 2638 656 2678; x_wconf 88' lang='lat' dir='ltr'>quam</span> <span class='ocrx_word' id='word_1_256' title='bbox 691 2625 858 2665; x_wconf 85' lang='lat' dir='ltr'>difficilis</span> <span class='ocrx_word' id='word_1_257' title='bbox 889 2625 939 2664; x_wconf 91' lang='lat' dir='ltr'>sit</span> <span class='ocrx_word' id='word_1_258' title='bbox 970 2624 1010 2664; x_wconf 90' lang='lat' dir='ltr'>in</span> <span class='ocrx_word' id='word_1_259' title='bbox 1056 2625 1129 2664; x_wconf 90' lang='lat' dir='ltr'>hac</span> <span class='ocrx_word' id='word_1_260' title='bbox 1159 2623 1364 2675; x_wconf 90' lang='lat' dir='ltr'>disciplina</span> <span class='ocrx_word' id='word_1_261' title='bbox 1409 2622 1596 2674; x_wconf 87' lang='lat' dir='ltr'>quaestio.</span> <span class='ocrx_word' id='word_1_262' title='bbox 1659 2621 1796 2674; x_wconf 89' lang='lat' dir='ltr'>Neque</span> 
     </span>
     <span class='ocr_line' id='line_1_36' title="bbox 267 2690 1796 2745; baseline -0.003 -11"><span class='ocrx_word' id='word_1_263' title='bbox 267 2707 372 2743; x_wconf 89' lang='lat' dir='ltr'>ver0,</span> <span class='ocrx_word' id='word_1_264' title='bbox 423 2708 511 2734; x_wconf 88' lang='lat' dir='ltr'>cum</span> <span class='ocrx_word' id='word_1_265' title='bbox 559 2695 781 2734; x_wconf 86' lang='lat' dir='ltr'>cunctando</span> <span class='ocrx_word' id='word_1_266' title='bbox 823 2693 1006 2745; x_wconf 89' lang='lat' dir='ltr'>equidem</span> <span class='ocrx_word' id='word_1_267' title='bbox 1053 2705 1135 2732; x_wconf 91' lang='lat' dir='ltr'>rem</span> <span class='ocrx_word' id='word_1_268' title='bbox 1181 2692 1467 2732; x_wconf 88' lang='lat' dir='ltr'>restituendam</span> <span class='ocrx_word' id='word_1_269' title='bbox 1508 2703 1594 2730; x_wconf 91' lang='lat' dir='ltr'>esse</span> <span class='ocrx_word' id='word_1_270' title='bbox 1639 2690 1796 2730; x_wconf 89' lang='lat' dir='ltr'>intelle-</span> 
     </span>
     <span class='ocr_line' id='line_1_37' title="bbox 266 2759 1797 2815; baseline -0.003 -13"><span class='ocrx_word' id='word_1_271' title='bbox 266 2764 436 2810; x_wconf 88' lang='lat' dir='ltr'>xissem,</span> <span class='ocrx_word' id='word_1_272' title='bbox 473 2763 548 2802; x_wconf 87' lang='lat' dir='ltr'>hoe</span> <span class='ocrx_word' id='word_1_273' title='bbox 587 2764 799 2815; x_wconf 90' lang='lat' dir='ltr'>specimen,</span> <span class='ocrx_word' id='word_1_274' title='bbox 841 2762 947 2814; x_wconf 91' lang='lat' dir='ltr'>quod</span> <span class='ocrx_word' id='word_1_275' title='bbox 985 2762 1113 2801; x_wconf 90' lang='lat' dir='ltr'>sentio</span> <span class='ocrx_word' id='word_1_276' title='bbox 1155 2774 1274 2812; x_wconf 90' lang='lat' dir='ltr'>quam</span> <span class='ocrx_word' id='word_1_277' title='bbox 1311 2761 1361 2800; x_wconf 89' lang='lat' dir='ltr'>sit</span> <span class='ocrx_word' id='word_1_278' title='bbox 1399 2760 1605 2811; x_wconf 85' lang='lat' dir='ltr'>exiguum,</span> <span class='ocrx_word' id='word_1_279' title='bbox 1642 2759 1685 2798; x_wconf 90' lang='lat' dir='ltr'>in</span> <span class='ocrx_word' id='word_1_280' title='bbox 1720 2771 1797 2810; x_wconf 91' lang='lat' dir='ltr'>pu-</span> 
     </span>
     <span class='ocr_line' id='line_1_38' title="bbox 266 2827 1795 2883; baseline -0.003 -13"><span class='ocrx_word' id='word_1_281' title='bbox 266 2831 365 2870; x_wconf 86' lang='lat' dir='ltr'>blico</span> <span class='ocrx_word' id='word_1_282' title='bbox 397 2831 710 2883; x_wconf 87' lang='lat' dir='ltr'>proposuissem,</span> <span class='ocrx_word' id='word_1_283' title='bbox 743 2831 818 2870; x_wconf 91' lang='lat' dir='ltr'>nisi</span> <span class='ocrx_word' id='word_1_284' title='bbox 840 2832 938 2870; x_wconf 91' lang='lat' dir='ltr'>haec</span> <span class='ocrx_word' id='word_1_285' title='bbox 958 2830 1156 2870; x_wconf 86' lang='lat' dir='ltr'>scribendi</span> <span class='ocrx_word' id='word_1_286' title='bbox 1178 2829 1273 2868; x_wconf 90' lang='lat' dir='ltr'>mihi</span> <span class='ocrx_word' id='word_1_287' title='bbox 1303 2827 1538 2868; x_wconf 87' lang='lat' dir='ltr'>demandata</span> <span class='ocrx_word' id='word_1_288' title='bbox 1568 2832 1672 2879; x_wconf 85' lang='lat' dir='ltr'>esset</span> <span class='ocrx_word' id='word_1_289' title='bbox 1700 2838 1795 2878; x_wconf 89' lang='lat' dir='ltr'>pro-</span> 
     </span>
     <span class='ocr_line' id='line_1_39' title="bbox 268 2895 1794 2952; baseline -0.003 -15"><span class='ocrx_word' id='word_1_290' title='bbox 268 2899 403 2939; x_wconf 88' lang='lat' dir='ltr'>vincia.</span> <span class='ocrx_word' id='word_1_291' title='bbox 466 2900 564 2939; x_wconf 89' lang='lat' dir='ltr'>Nam</span> <span class='ocrx_word' id='word_1_292' title='bbox 595 2913 665 2952; x_wconf 87' lang='lat' dir='ltr'>per</span> <span class='ocrx_word' id='word_1_293' title='bbox 697 2901 767 2939; x_wconf 91' lang='lat' dir='ltr'>hos</span> <span class='ocrx_word' id='word_1_294' title='bbox 798 2900 878 2939; x_wconf 89' lang='lat' dir='ltr'>fere</span> <span class='ocrx_word' id='word_1_295' title='bbox 909 2899 1083 2951; x_wconf 87' lang='lat' dir='ltr'>quinque</span> <span class='ocrx_word' id='word_1_296' title='bbox 1115 2910 1240 2938; x_wconf 88' lang='lat' dir='ltr'>annos</span> <span class='ocrx_word' id='word_1_297' title='bbox 1271 2903 1328 2937; x_wconf 89' lang='lat' dir='ltr'>tot</span> <span class='ocrx_word' id='word_1_298' title='bbox 1357 2902 1518 2948; x_wconf 79' lang='lat' dir='ltr'>tamque</span> <span class='ocrx_word' id='word_1_299' title='bbox 1563 2895 1678 2934; x_wconf 84' lang='lat' dir='ltr'>variis</span> <span class='ocrx_word' id='word_1_300' title='bbox 1723 2906 1794 2933; x_wconf 89' lang='lat' dir='ltr'>ne-</span> 
     </span>
    </p>
   </div>
  </div>
 </body>
</html>
