2014 3204
775 220 841 257 5-
898 196 980 238 237
1037 220 1094 226 -

212 359 217 361 ‚
265 312 493 368 πρώτιστα
522 312 603 368 μὲν
631 311 713 368 γὰρ
745 315 821 354 ἕνα
850 312 932 355 τιν’
965 310 1019 355 ἂν
1048 314 1240 354 καθῖσεν
1270 310 1520 367 ἐγκαλύψας

259 380 461 434 Ἀχιλλέα
490 379 580 423 τιν’
611 379 637 436 ἢ
668 380 839 436 Νιόβην
867 381 917 422 τὸ
948 380 1194 436 πρόσωπον
1225 379 1321 432 οὐχὶ
1353 380 1525 428 δεικνὺς

267 450 504 506 πρόσχημα
532 450 607 505 τῆς
634 448 898 504 τραγῳδίας,
929 447 1226 502 γρύζοντας
1257 446 1383 491 οὐδὲ
1412 450 1625 499 ravist).

293 521 340 560 In
359 533 437 573 quo
468 519 572 559 idem
604 519 854 560 obversatum
876 518 1031 559 videtur
1050 519 1242 571 Aeschylo
1274 520 1379 572 quod
1410 519 1460 559 de
1491 517 1702 558 Timanthe

180 589 329 641 pictore
363 589 428 628 illo
465 587 720 628 celeberrimo
750 586 990 637 narratur2).
1051 587 1103 626 Ut
1136 587 1242 628 enim
1271 587 1503 627 Timanthes
1534 587 1704 627 Parrha-

181 651 230 698 sii
260 657 446 710 aequalis,
483 669 573 698 cum
604 656 844 696 immolanda
872 655 1073 709 Iphigenia
1104 656 1228 696 tristis
1260 656 1419 696 Calchas
1449 660 1565 704 esset,
1595 667 1704 695 mae-

183 726 282 767 stior
310 726 461 773 Ulixes,
491 730 687 765 maereret
715 724 928 773 Menelaus,
965 724 1254 765 obvolvendum
1295 730 1411 777 caput
1440 726 1704 776 Agamemno—

182 794 244 835 nis
284 807 372 836 esse
409 794 528 842 vidit,
569 793 757 846 quoniam
794 805 996 833 summum
1040 793 1148 833 illum
1194 798 1347 833 motum
1392 792 1576 846 penicillo
1623 805 1704 831 non

182 869 316 915 posset
350 863 517 910 imitari,
558 862 615 902 sic
642 861 853 913 Aeschylus
890 873 1094 902 summum
1134 862 1312 902 dolorem
1351 874 1509 902 summo
1549 860 1704 901 silentio

182 931 384 985 totiusque
414 931 591 984 corporis
622 930 732 983 quasi
761 935 922 982 torpore
951 930 1154 982 aptissime
1186 931 1353 983 exprimi
1381 930 1588 971 intellexit.
1647 930 1706 970 Ad

183 1003 287 1043 hunc
316 1012 408 1041 vero
438 1001 611 1040 divinum
644 999 820 1039 dolorem
851 998 1131 1051 silentiumque
1168 1005 1294 1051 recte,
1336 999 1524 1051 pulchre,
1564 1000 1704 1039 decore

182 1071 419 1112 imitandum
451 1069 575 1110 multo
598 1067 726 1108 maius
748 1067 945 1119 quoddam
976 1067 1186 1108 artificium
1218 1067 1376 1120 requiri,
1409 1080 1527 1120 quam
1558 1068 1606 1108 ad
1638 1081 1706 1108 eos

182 1140 375 1181 clamores
406 1151 530 1191 eaque
561 1137 673 1190 quasi
711 1135 881 1188 tripudia
920 1135 1180 1183 histrionum,
1220 1136 1363 1190 quibus
1398 1136 1516 1176 hodie
1555 1137 1708 1177 theatra

182 1213 355 1248 tremere
385 1208 531 1255 solent,
563 1204 697 1257 ecquis
729 1209 787 1243 est
817 1203 883 1255 qui
916 1215 996 1243 non
1028 1204 1138 1244 facile
1169 1204 1245 1245 sibi
1276 1203 1545 1257 persuadeat?

298 1277 366 1316 Est
394 1288 489 1316 sane
519 1287 658 1327 operae
698 1271 892 1324 pretium,
930 1284 1070 1312 omnes
1109 1272 1287 1325 Aeschyli
1323 1272 1471 1313 fabulas
1508 1273 1707 1326 persequi,

184 1357 283 1398 quae
314 1345 356 1386 in
385 1344 432 1385 iis
463 1345 600 1384 insunt
628 1341 676 1381 ad
707 1340 944 1380 histrionum
976 1346 1124 1389 artem,
1156 1342 1282 1394 qualis
1312 1347 1399 1381 tum
1428 1341 1572 1388 fuerit,
1603 1342 1710 1382 diiu-

184 1413 390 1454 dicandam
419 1411 564 1452 indicia
595 1410 852 1461 investigare,
894 1410 1095 1461 quomodo
1127 1414 1238 1449 aucta
1269 1409 1458 1463 deinceps
1488 1410 1708 1461 tragoedia-

184 1493 272 1522 rum
308 1481 496 1522 varietate
535 1485 645 1519 aucta
684 1479 736 1519 sit
773 1477 894 1517 etiam
940 1478 1107 1518 actionis
1138 1478 1303 1519 varietas
1350 1484 1389 1518 et
1420 1478 1616 1519 mobilitas
1648 1478 1711 1518 in-

183 1550 354 1603 quirere.
417 1549 494 1589 Sed
526 1549 602 1588 hoc
641 1552 680 1587 et
716 1547 876 1598 longum
916 1552 977 1587 est
1012 1560 1087 1587 nec
1123 1559 1289 1587 vacuum
1330 1547 1565 1587 temeritatis
1604 1547 1710 1600 peri-

184 1619 284 1659 culo.
343 1619 482 1671 ltaque
513 1619 634 1657 finem
664 1615 764 1655 facio
794 1614 888 1656 huic
918 1615 1196 1668 disputationi,
1227 1627 1280 1654 ne
1310 1615 1352 1656 in
1383 1615 1571 1655 lubricam
1604 1615 1708 1654 divi-

183 1687 355 1728 nationis
371 1687 555 1727 semitam
573 1685 754 1738 abripiar,
784 1699 830 1725 eo
848 1685 1070 1737 diligentius
1090 1684 1184 1724 mihi
1200 1684 1453 1736 potissimum
1470 1683 1711 1736 fugiendam,

278 1838 302 1880 ¹)
351 1839 449 1872 Vita
474 1838 693 1882 Aeschyli:
727 1834 789 1870 διὰ
816 1833 856 1869 τὸ
881 1831 1092 1873 πλεονάζειν
1115 1836 1165 1878 τῷ
1188 1829 1287 1880 βάρει
1314 1835 1385 1870 τῶν
1409 1829 1621 1882 προσώπων
1643 1846 1712 1868 κω-

184 1895 357 1942 μῳδεῖται
380 1894 467 1942 παρ’
491 1891 787 1942 Ἀριστοφάνους·
814 1893 852 1928 ἐν
874 1893 943 1944 μὲν
966 1890 1039 1937 γὰρ
1064 1893 1106 1938 τῇ
1132 1890 1247 1938 Νιόβῃ
1272 1890 1336 1929 ἕως
1351 1894 1466 1938 τρίτης
1481 1889 1620 1936 ἡμέρας
1635 1890 1715 1925 ἐπι-

185 1954 374 1997 καθημένη
399 1953 448 1996 tq]
473 1947 581 1997 τάφῳ
606 1953 680 1987 τῶν
703 1950 851 1986 παίδων
874 1947 979 1985 οὐδὲν
1004 1950 1203 1995 φθέγγεται
1228 1948 1528 1994 ἐγκεκαλυμμένη.
1549 1947 1589 1982 ἐν
1606 1947 1647 1981 δὲ
1670 1948 1715 1994 τῇ

121 2027 126 2030 -
186 2012 264 2048 τοῖς
281 2006 451 2053 Ἕκτορος
473 2006 617 2055 λύτροις
636 2005 811 2053 Ἀχιλλεὺς
835 2005 974 2052 ὁμοίως
990 2006 1304 2052 ἐγκεκαλυμμένος
1319 2003 1361 2040 οὗ
1381 2007 1595 2051 φθέγγεται,
1618 2003 1716 2048 πλὴν

185 2068 226 2104 ἐν
247 2065 379 2114 ἀρχαῖς
402 2065 507 2110 ὀλίγα
533 2065 628 2110 πρὸς
650 2064 786 2111 Ἑρμῆν
809 2063 998 2109 ἀμοιβαῖα.

277 2126 414 2160 Schol.
439 2126 488 2157 ad
507 2125 640 2157 Arist.
666 2125 757 2157 Ran.
779 2135 812 2156 v.
828 2123 906 2156 912.
932 2117 1203 2166 ἐγκαλύψας·
1230 2119 1278 2158 ὡς
1295 2117 1406 2154 αὐτοῦ
1424 2121 1661 2166 εἰσᾳηέροντος
1676 2119 1716 2154 ἐν

187 2178 352 2229 δράμασί
371 2194 451 2217 τινα
475 2182 761 2226 κεκαλυμμένον·
787 2178 807 2213 ὁ
842 2177 1016 2224 Ἀχιλλεὺς
1050 2178 1087 2212 δὲ
1112 2172 1322 2222 καθήμενός
1344 2175 1419 2211 ἐστι
1444 2178 1503 2210 καὶ
1528 2176 1597 2221 οὐχ
1620 2175 1717 2211 ἀπο-

187 2238 404 2285 κρινόμενος
438 2239 522 2286 παρ’
559 2232 729 2282 Αἰσχύλῳ
764 2237 804 2272 ἐν
839 2233 999 2284 δράματι
1034 2236 1318 2281 ἐπιγραφομένῳ
1343 2234 1480 2280 Φρυξὶν
1503 2231 1717 2281 ἢ”Εκτορος

187 2293 335 2344 λύτροις,
359 2294 462 2330 οὐδὲν
487 2295 527 2329 δὲ
552 2293 571 2328 ὁ
591 2291 770 2340 Ἀχιλλεὺς
793 2294 1006 2340 φθέγγεται.

280 2355 303 2388 S
315 2354 417 2388 chol.
432 2364 449 2386 a
461 2352 481 2384 d
495 2353 640 2385 Aesch.
656 2352 732 2385 Pro
745 2351 860 2384 meth.
878 2364 911 2386 v.
925 2352 1002 2384 435.
1018 2351 1185 2384 σιωπῶσι
1198 2346 1271 2394 γὰρ
1290 2345 1391 2395 παρὰ
1408 2351 1480 2386 τοῖς
1492 2351 1657 2391 ποιηταῖς
1673 2346 1715 2381 τὰ

190 2408 376 2457 πρόσωπα
400 2405 422 2452 ἢ
449 2405 496 2443 δι’
524 2406 706 2443 αὐθαδίαν
730 2406 778 2446 ὡς
802 2404 990 2452 [Ἀχιλλεὺς
1025 2408 1063 2442 ἐν
1086 2409 1160 2445 τοῖς
1183 2406 1318 2452 Φρυξὶ]
1355 2406 1586 2451 Σοφοκλέους
1609 2401 1631 2448 ἢ
1657 2402 1717 2439 διὰ

192 2465 408 2514 συμφορὰν,
439 2464 485 2503 ὠς
503 2462 678 2510 Ἀχιλλεὺς
713 2465 752 2500 ἐν
781 2467 855 2502 τοῖς
879 2466 995 2513 Φρυξὶ
1018 2462 1122 2507 καὶὴ
1158 2463 1274 2506 Νιόβη
1309 2459 1392 2510 παρ’
1431 2457 1617 2504 Αἰσχύλῳ.
1668 2457 1718 2492 Cf.

195 2525 401 2569 Aeschyli
426 2524 577 2565 tragoed.
607 2534 675 2556 rec.
702 2522 741 2555 G.
759 2521 945 2556 Hermann.
996 2522 1034 2555 T.
1060 2523 1084 2555 l.
1110 2534 1139 2566 p.
1166 2522 1242 2555 351.
1268 2518 1460 2553 Eustath.
1487 2529 1516 2560 p.
1539 2517 1635 2557 1940,
1662 2516 1716 2548 64.

191 2583 252 2614 καὶ
273 2577 347 2626 γάρ
369 2593 425 2614 τοι
449 2578 549 2627 παρὰ
575 2575 754 2624 Αἰσχύλῳ
779 2577 963 2623 κάθηνταί
983 2590 1056 2613 που
1080 2574 1266 2625 πρόσωπα
1290 2575 1484 2609 σιωπῶντα
1509 2570 1565 2618 ἐφ’
1593 2570 1721 2606 ἱκανὸν

193 2650 281 2672 κατα
308 2640 431 2682 σχῆμα
456 2633 478 2680 ἢ
504 2637 660 2674 πένθους
685 2633 705 2679 ἢ
732 2637 958 2681 θαυμασμοῦ
982 2632 1004 2679 ἤ
1029 2647 1128 2672 τινος
1144 2634 1306 2680 ἑτεροίου
1329 2630 1488 2668 πάθους.

286 2696 315 2737 ²)
341 2697 423 2730 Cic.
448 2699 597 2728 orator
622 2706 649 2727 c.
676 2694 729 2726 22.
756 2692 777 2736 ξ
803 2695 854 2727 74.
881 2693 985 2726 Plin.
1011 2693 1161 2726 XXXV.
1192 2693 1241 2724 10.
1268 2690 1327 2722 36:
1377 2689 1451 2722 eius
1476 2693 1530 2720 est
1545 2686 1719 2730 Iphigenia

196 2757 368 2786 oratorum
392 2753 550 2786 laudibus
574 2753 770 2794 celebrata,
801 2761 864 2793 qua
888 2755 1002 2783 stante
1026 2751 1067 2782 ad
1092 2759 1169 2783 aras
1196 2749 1346 2791 peritura
1373 2756 1446 2779 cum
1472 2750 1619 2777 maestos
1646 2744 1720 2787 pin-

194 2811 304 2844 xisset
334 2821 448 2843 omnes
480 2811 720 2854 praecipueque
762 2813 915 2853 patruum
948 2812 982 2839 et
1007 2807 1176 2839 tristitiae
1207 2815 1334 2837 omnem
1361 2804 1539 2846 imaginem
1566 2812 1720 2835 consum-

195 2869 332 2912 psisset,
358 2868 463 2912 patris
489 2869 594 2912 ipsius
622 2868 749 2902 vultum
776 2866 917 2907 velavit,
943 2875 1037 2908 quem
1062 2865 1160 2906 digne
1187 2874 1250 2895 non
1278 2866 1411 2906 poterat
1437 2862 1628 2893 ostendere.
