2014 3204
893 230 1059 269 *40
1119 253 1173 257 ,ν

358 346 554 386 Lucian.
599 345 667 384 de.
709 346 870 385 saltat.
914 358 946 383 c.
979 344 1046 384 31.
1083 340 1131 384 αὶ
1171 343 1221 385 δὲ
1252 341 1496 392 ὑποθέσεις
1533 344 1678 386 κοιναὶ
1715 341 1801 399 ἆμ-

387 416 595 467 φοτέραις
633 411 707 452 καὶ
740 409 896 453 οὐδέν
925 428 975 454 τι
1019 412 1448 469 διακεκριμέναι
1478 413 1582 454 τῶν
1610 428 1802 466 τραγι-

386 482 488 522 κῶν
518 478 573 521 αἱ
604 477 938 535 ὃρχηστικαί.

359 563 391 590 c.
415 549 481 588 29.
514 547 562 589 τὸ
593 548 642 589 δὲ
669 548 916 603 πρόσωπον
944 547 1068 600 αὐτὸ,
1102 547 1159 598 ῶς
1181 549 1432 600 κάλλιστον,
1465 549 1540 590 καὶ
1569 549 1636 605 τῷ
1666 546 1804 591 ὑπο-

386 619 616 672 κειμένῳ
648 617 881 672 δράματι
913 614 1071 667 ἐοικός.

359 700 391 726 c.
425 687 490 726 63.
524 700 553 727 c.
588 687 653 726 66.
694 686 802 727 ἰδών
838 685 921 739 γὰρ
961 689 1091 728 πέντε
1132 686 1358 742 πρόσωπα
1394 687 1453 742 τῷ
1495 684 1682 743 ὀρχηστῇ
1713 700 1805 727 πα-

394 756 717 809 ρεσκευασμένα
763 750 1048 806 (τοσούτων
1091 755 1188 811 γὰρ
1234 755 1407 810 μερῶν
1436 754 1492 797 τὸ
1523 754 1700 809 δρᾶμα
1728 745 1803 808 ἤν)

390 821 530 877 ἐζήτει
562 839 598 864 κ.
629 839 666 864 τ.
697 822 736 865 λ.

275 892 456 932 Imitatur
486 898 619 932 autem
654 895 921 945 pantomimus
952 894 1045 934 solis
1076 894 1249 945 corporis
1281 893 1454 933 motibus

359 960 562 1002 Lucian.
602 962 660 1001 de
698 963 859 1002 saltat.
901 976 932 1002 c.
974 963 1040 1002 62.
1075 959 1309 1016 μιμητικός
1354 960 1448 1002 ἐστι
1496 958 1535 1008 (ὁ
1581 958 1806 1015 ὀρχηστής)

395 1028 469 1068 καὶ
501 1027 765 1083 κινήμασι
797 1029 851 1070 τὰ
881 1023 1079 1083 ᾀδόμενα
1110 1029 1274 1076 δείξειν
1301 1028 1598 1081 ὑπισχνεῖται,

280 1103 393 1146 nutu,
417 1111 544 1146 crure,
577 1112 693 1150 genu,
715 1112 850 1146 manu,
882 1096 1063 1148 rotatu1).
1097 1099 1345 1151 Quapropter
1365 1099 1597 1139 saltatorum
1619 1102 1810 1138 vocantur

278 1179 420 1206 manus
437 1166 751 1218 loquacissimae,
769 1167 938 1218 linguosi
955 1167 1078 1218 digiti,
1101 1167 1305 1207 silentium
1322 1166 1595 1215 clamosum2).
1626 1166 1810 1206 Clausum

281 1234 387 1274 enim
407 1247 451 1274 os
465 1234 509 1284 3),
533 1236 745 1286 vultusque
762 1247 933 1286 persona
954 1240 1082 1275 tectus
1093 1236 1139 1286 4),
1172 1236 1310 1288 Neque
1327 1248 1419 1275 vero
1441 1237 1558 1287 plane
1579 1234 1701 1274 libera
1721 1246 1809 1274 om-

281 1302 479 1355 nibusque
510 1303 660 1354 legibus
691 1304 818 1343 soluta
851 1309 933 1343 erat
962 1305 1191 1344 saltatorum
1223 1317 1303 1352 ars,
1343 1306 1411 1345 sed
1443 1309 1576 1356 gestus
1609 1303 1665 1343 illi
1693 1308 1810 1355 atque

280 1377 413 1411 motus
434 1384 602 1411 numero
633 1372 749 1411 vincti
765 1372 810 1421 ⁵),
841 1372 1094 1425 musicaeque
1124 1373 1252 1412 modis
1283 1374 1518 1425 plerumque
1548 1370 1810 1423 temperati⁶).

390 1440 442 1479 Et
472 1441 760 1493 antiquissimis
791 1441 954 1492 quidem
985 1441 1232 1493 temporibus
1263 1441 1457 1481 artissime
1494 1439 1704 1480 coniuncta
1727 1444 1811 1480 erat

280 1508 434 1548 saltatio
466 1522 553 1548 eum
587 1510 750 1556 musica,
783 1510 982 1562 iidemque
1013 1510 1207 1550 saltabant
1236 1516 1275 1550 ct
1306 1509 1552 1558 canebant⁷).
1603 1510 1747 1549 Verum
1769 1507 1810 1547 in

278 1578 613 1629 pantomimorum
646 1584 728 1617 arte
760 1578 936 1618 musicae
969 1583 1006 1618 et
1038 1578 1258 1618 saltationis
1289 1583 1421 1630 partes
1452 1581 1566 1617 erant
1595 1581 1810 1628 separatae,

278 1646 331 1686 ita
363 1651 406 1685 ut
436 1647 579 1686 chorus
621 1659 778 1687 summo
819 1647 1029 1694 tibiarum,
1070 1648 1328 1695 cithararum,
1368 1647 1535 1687 aliorum
1572 1656 1811 1697 organorum

279 1719 492 1766 concentu,
538 1715 878 1768 scabellorumque
918 1716 1135 1768 crepitu⁸)‚
1180 1716 1302 1756 totius
1340 1716 1493 1755 fabulae
1532 1718 1811 1766 argumentum

279 1783 508 1834 cantaret9),
528 1784 688 1823 saltator
713 1784 818 1823 idem
836 1784 1010 1836 corporis
1031 1784 1206 1835 gestibus
1228 1789 1345 1836 atque
1367 1783 1542 1824 motibus
1560 1783 1809 1835 exprimeret.

376 1981 401 2023 ¹)
428 1981 567 2015 Sidon.
595 1982 783 2025 Apollin-
810 1993 931 2016 carm.
956 1982 1080 2016 XXIII.

374 2051 402 2092 ²)
429 2050 685 2084 cassiodor.
712 2052 810 2086 Var.
836 2052 940 2087 1.1v.
968 2053 1021 2086 51.

375 2119 400 2162 ³)
427 2120 573 2153 Sidon.
600 2120 623 2153 l.
650 2121 671 2153 l.

373 2188 399 2230 ¹²)
427 2189 483 2221 Lu
495 2190 597 2222 cian.
624 2191 669 2222 de
696 2191 840 2223 saltat.
867 2201 896 2223 c.
923 2190 976 2223 29.
1003 2187 1043 2222 τὸ
1071 2187 1110 2222 δὲ
1135 2184 1340 2236 πρόσωπον
1365 2184 1451 2221 αὐτὸ
1477 2185 1524 2225 ὠς
1547 2184 1740 2222 κάλλιστον
1753 2188 1817 2222 καὶ

282 2247 330 2289 τῷ
355 2243 583 2290 ὑποκειμένῳ
609 2244 772 2293 δράματι
796 2243 921 2290 ἐοικός,
948 2243 996 2280 οὐ
1020 2244 1210 2290 κεχηνὸς
1234 2244 1277 2279 δὲ
1302 2243 1354 2282 ὠς
1376 2243 1503 2287 ἐκεῖνα,
1531 2242 1620 2278 ἀλλὰ
1645 2253 1815 2290 συμμε-

283 2300 428 2347 μυκός.

376 2362 450 2393 Cas
465 2361 623 2393 siodor.
649 2361 742 2395 Var.
766 2362 789 2394 l.
816 2360 838 2394 Ι.
866 2363 920 2395 29.

380 2430 405 2471 ⁵)
431 2429 619 2462 Aristot.
657 2429 775 2462 Poet.
812 2428 834 2461 1.
871 2429 902 2472 ξ.
935 2430 955 2462 6
992 2429 1041 2462 ed.
1075 2429 1187 2463 Herm.
1241 2425 1338 2473 αὐτῷ
1362 2427 1400 2463 δὲ
1423 2429 1474 2473 τῷ
1499 2428 1631 2475 ῥυθμῷ
1652 2430 1818 2474 μιμεῖται

280 2486 392 2532 χωρὶς
416 2483 598 2531 ἁρμονίας
622 2483 642 2529 ἡ
668 2487 740 2520 τῶν
764 2483 965 2532 ὀρχηστῶν.

377 2554 403 2596 ⁶)
431 2554 479 2588 Cf.
506 2555 675 2588 Lucian.
701 2556 747 2588 de
773 2555 920 2588 saltat.
947 2567 974 2588 c.
1001 2555 1054 2588 63.

381 2622 407 2666 ⁷)
432 2623 592 2657 Lucian
623 2624 672 2656 de
704 2625 849 2657 saltat.
876 2636 902 2657 c.
932 2625 985 2658 30.
1042 2621 1162 2658 Πάλαι
1189 2623 1259 2669 μὲν
1281 2621 1352 2671 γὰρ
1377 2623 1410 2657 οἱ
1434 2619 1536 2657 αὐτοὶ
1558 2623 1619 2656 καὶ
1641 2619 1735 2669 ἴδον
1757 2623 1818 2656 καὶ

289 2676 491 2726 ὠρχοῦντο·
520 2678 578 2713 εἶτ’
605 2678 730 2723 ἐπειδὴ
755 2681 979 2726 κινουμένων
1002 2678 1042 2715 τὸ
1069 2678 1201 2726 ἆσθμα
1231 2678 1295 2725 τὴν
1318 2677 1416 2725 ᾠδθν
1439 2675 1690 2725 ἐπετάραττεν,
1716 2675 1819 2724 ἄμει-

289 2748 356 2771 νον
381 2735 504 2775 ἔδοξεν
532 2734 659 2775 ἄλλους
684 2736 801 2776 αὐτοῖς
824 2733 989 2782 ὑπᾴδειν.

381 2806 406 2847 Θ)
433 2806 606 2840 Sueton.
633 2806 766 2850 Calig.
795 2819 823 2841 c.
849 2808 902 2841 54.

385 2875 409 2917 ⁹)
437 2876 680 2909 Cassiodor.
721 2877 810 2910 Var.
847 2878 868 2909 l.
908 2876 962 2910 lV.
1002 2878 1054 2910 51.
1115 2876 1342 2909 Pantomimus
1373 2876 1479 2917 igitur
1509 2886 1583 2909 cum
1611 2870 1753 2919 primum
1782 2875 1818 2908 in
