<?xml version="1.0" encoding="UTF-8"?>
<!DOCTYPE html PUBLIC "-//W3C//DTD XHTML 1.0 Transitional//EN"
    "http://www.w3.org/TR/xhtml1/DTD/xhtml1-transitional.dtd">
<html xmlns="http://www.w3.org/1999/xhtml" xml:lang="en" lang="en">
 <head>
  <title>
</title>
<meta http-equiv="Content-Type" content="text/html;charset=utf-8" />
  <meta name='ocr-system' content='tesseract 3.04.00' />
  <meta name='ocr-capabilities' content='ocr_page ocr_carea ocr_par ocr_line ocrx_word'/>
</head>
<body>
  <div class='ocr_page' id='page_1' title='image "./scaenicacollecta00sommuoft_0180.png"; bbox 0 0 2014 3204; ppageno 0'>
   <div class='ocr_carea' id='block_1_1' title="bbox 931 247 1239 289">
    <p class='ocr_par' dir='ltr' id='par_1_1' title="bbox 931 247 1239 289">
     <span class='ocr_line' id='line_1_1' title="bbox 931 247 1239 289; baseline 0.006 -2"><span class='ocrx_word' id='word_1_1' title='bbox 931 247 1239 289; x_wconf 66' lang='lat'>—168—</span> 
     </span>
    </p>
   </div>
   <div class='ocr_carea' id='block_1_2' title="bbox 329 359 1854 2695">
    <p class='ocr_par' dir='ltr' id='par_1_2' title="bbox 329 359 1854 2695">
     <span class='ocr_line' id='line_1_2' title="bbox 329 359 1840 419; baseline 0.003 -13"><span class='ocrx_word' id='word_1_2' title='bbox 329 364 429 407; x_wconf 79' lang='grc' dir='ltr'><em>λίαν</em></span> <span class='ocrx_word' id='word_1_3' title='bbox 465 362 546 419; x_wconf 81' lang='grc' dir='ltr'><strong>γὰρ</strong></span> <span class='ocrx_word' id='word_1_4' title='bbox 582 359 916 419; x_wconf 75' lang='grc' dir='ltr'><em>ὑπερβάλλοντα</em></span> <span class='ocrx_word' id='word_1_5' title='bbox 953 365 1153 419; x_wconf 71' lang='grc' dir='ltr'><em>πίθηκον</em></span> <span class='ocrx_word' id='word_1_6' title='bbox 1190 361 1213 406; x_wconf 82' lang='grc' dir='ltr'>ὁ</span> <span class='ocrx_word' id='word_1_7' title='bbox 1247 366 1475 415; x_wconf 82' lang='grc' dir='ltr'><em>Μυνίσκος</em></span> <span class='ocrx_word' id='word_1_8' title='bbox 1513 365 1588 409; x_wconf 80' lang='grc' dir='ltr'><strong>τὸν</strong></span> <span class='ocrx_word' id='word_1_9' title='bbox 1623 363 1840 410; x_wconf 83' lang='grc' dir='ltr'><em>Καλλιπί-</em></span> 
     </span>
     <span class='ocr_line' id='line_1_3' title="bbox 330 428 1841 490; baseline 0.003 -15"><span class='ocrx_word' id='word_1_10' title='bbox 330 434 409 488; x_wconf 79' lang='grc' dir='ltr'><strong>δην</strong></span> <span class='ocrx_word' id='word_1_11' title='bbox 439 428 600 474; x_wconf 75' lang='grc' dir='ltr'><em>ἐκάλει.</em></span> <span class='ocrx_word' id='word_1_12' title='bbox 660 433 758 474; x_wconf 88' lang='lat' dir='ltr'><strong>Nam</strong></span> <span class='ocrx_word' id='word_1_13' title='bbox 790 433 941 474; x_wconf 85' lang='lat' dir='ltr'><strong>etiamsi</strong></span> <span class='ocrx_word' id='word_1_14' title='bbox 969 433 1108 475; x_wconf 89' lang='lat' dir='ltr'><strong>iniuria</strong></span> <span class='ocrx_word' id='word_1_15' title='bbox 1137 434 1190 475; x_wconf 91' lang='lat' dir='ltr'><strong>ita</strong></span> <span class='ocrx_word' id='word_1_16' title='bbox 1220 435 1452 488; x_wconf 80' lang='lat' dir='ltr'>vituperavit</span> <span class='ocrx_word' id='word_1_17' title='bbox 1483 435 1729 490; x_wconf 87' lang='lat' dir='ltr'><strong>Callipidem,</strong></span> <span class='ocrx_word' id='word_1_18' title='bbox 1759 451 1841 480; x_wconf 90' lang='lat' dir='ltr'><strong>non</strong></span> 
     </span>
     <span class='ocr_line' id='line_1_4' title="bbox 331 503 1842 558; baseline 0.004 -15"><span class='ocrx_word' id='word_1_19' title='bbox 331 503 465 544; x_wconf 78' lang='lat' dir='ltr'>debuit</span> <span class='ocrx_word' id='word_1_20' title='bbox 496 503 657 544; x_wconf 89' lang='lat' dir='ltr'><strong>omnino</strong></span> <span class='ocrx_word' id='word_1_21' title='bbox 690 515 780 543; x_wconf 89' lang='lat' dir='ltr'><strong>cum</strong></span> <span class='ocrx_word' id='word_1_22' title='bbox 811 516 867 552; x_wconf 81' lang='lat' dir='ltr'><strong>eo,</strong></span> <span class='ocrx_word' id='word_1_23' title='bbox 900 505 966 556; x_wconf 92' lang='lat' dir='ltr'><strong>qui</strong></span> <span class='ocrx_word' id='word_1_24' title='bbox 995 505 1231 546; x_wconf 90' lang='lat' dir='ltr'><strong>clarissimus</strong></span> <span class='ocrx_word' id='word_1_25' title='bbox 1270 511 1373 546; x_wconf 88' lang='lat' dir='ltr'><strong>esset</strong></span> <span class='ocrx_word' id='word_1_26' title='bbox 1404 506 1606 558; x_wconf 87' lang='lat' dir='ltr'>Sophoclis</span> <span class='ocrx_word' id='word_1_27' title='bbox 1636 511 1763 556; x_wconf 89' lang='lat' dir='ltr'><strong>actor,</strong></span> <span class='ocrx_word' id='word_1_28' title='bbox 1799 521 1842 549; x_wconf 89' lang='lat' dir='ltr'><strong>se</strong></span> 
     </span>
     <span class='ocr_line' id='line_1_5' title="bbox 330 572 1842 629; baseline 0.003 -16"><span class='ocrx_word' id='word_1_29' title='bbox 330 585 574 625; x_wconf 87' lang='lat' dir='ltr'><strong>comparare,</strong></span> <span class='ocrx_word' id='word_1_30' title='bbox 620 572 696 612; x_wconf 90' lang='lat' dir='ltr'><strong>nisi</strong></span> <span class='ocrx_word' id='word_1_31' title='bbox 731 573 764 613; x_wconf 91' lang='lat' dir='ltr'><strong>si</strong></span> <span class='ocrx_word' id='word_1_32' title='bbox 799 573 884 625; x_wconf 89' lang='lat' dir='ltr'><strong>ipse</strong></span> <span class='ocrx_word' id='word_1_33' title='bbox 923 574 965 614; x_wconf 93' lang='lat' dir='ltr'><strong>in</strong></span> <span class='ocrx_word' id='word_1_34' title='bbox 1001 587 1140 615; x_wconf 84' lang='lat' dir='ltr'><strong>scaena</strong></span> <span class='ocrx_word' id='word_1_35' title='bbox 1177 574 1466 625; x_wconf 71' lang='lat' dir='ltr'><strong>eminuissetl).</strong></span> <span class='ocrx_word' id='word_1_36' title='bbox 1524 575 1700 624; x_wconf 86' lang='lat' dir='ltr'>Accedit,</span> <span class='ocrx_word' id='word_1_37' title='bbox 1737 576 1842 629; x_wconf 87' lang='lat' dir='ltr'><strong>quod</strong></span> 
     </span>
     <span class='ocr_line' id='line_1_6' title="bbox 331 638 1843 697; baseline 0.003 -16"><span class='ocrx_word' id='word_1_38' title='bbox 331 654 412 682; x_wconf 90' lang='lat' dir='ltr'><strong>non</strong></span> <span class='ocrx_word' id='word_1_39' title='bbox 447 641 521 682; x_wconf 87' lang='lat' dir='ltr'><strong>sibi</strong></span> <span class='ocrx_word' id='word_1_40' title='bbox 558 638 727 697; x_wconf 74' lang='grc' dir='ltr'><strong>(ἑαυτῷ)</strong></span> <span class='ocrx_word' id='word_1_41' title='bbox 765 641 984 694; x_wconf 91' lang='lat' dir='ltr'><strong>Myniscum</strong></span> <span class='ocrx_word' id='word_1_42' title='bbox 1030 644 1252 685; x_wconf 87' lang='lat' dir='ltr'><strong>adiunxisse</strong></span> <span class='ocrx_word' id='word_1_43' title='bbox 1297 648 1500 690; x_wconf 84' lang='lat' dir='ltr'><strong>narratur,</strong></span> <span class='ocrx_word' id='word_1_44' title='bbox 1547 645 1615 685; x_wconf 89' lang='lat' dir='ltr'><strong>sed</strong></span> <span class='ocrx_word' id='word_1_45' title='bbox 1655 644 1843 685; x_wconf 84' lang='lat' dir='ltr'><strong>Cleandro</strong></span> 
     </span>
     <span class='ocr_line' id='line_1_7' title="bbox 335 707 1844 764; baseline 0.002 -13"><span class='ocrx_word' id='word_1_46' title='bbox 335 707 502 764; x_wconf 76' lang='grc' dir='ltr'><strong>(αὐτῷ).</strong></span> <span class='ocrx_word' id='word_1_47' title='bbox 563 710 698 763; x_wconf 82' lang='lat' dir='ltr'>Neque</span> <span class='ocrx_word' id='word_1_48' title='bbox 728 723 838 759; x_wconf 89' lang='lat' dir='ltr'><strong>vero,</strong></span> <span class='ocrx_word' id='word_1_49' title='bbox 879 724 968 752; x_wconf 93' lang='lat' dir='ltr'><strong>cum</strong></span> <span class='ocrx_word' id='word_1_50' title='bbox 999 713 1039 754; x_wconf 92' lang='lat' dir='ltr'><strong>hi</strong></span> <span class='ocrx_word' id='word_1_51' title='bbox 1067 714 1139 754; x_wconf 88' lang='lat' dir='ltr'><strong>soli</strong></span> <span class='ocrx_word' id='word_1_52' title='bbox 1171 714 1248 754; x_wconf 89' lang='lat' dir='ltr'><strong>duo</strong></span> <span class='ocrx_word' id='word_1_53' title='bbox 1278 713 1362 754; x_wconf 91' lang='lat' dir='ltr'><strong>eius</strong></span> <span class='ocrx_word' id='word_1_54' title='bbox 1390 713 1651 754; x_wconf 82' lang='lat' dir='ltr'><strong>nominentur</strong></span> <span class='ocrx_word' id='word_1_55' title='bbox 1678 718 1844 762; x_wconf 87' lang='lat' dir='ltr'><strong>actores‚</strong></span> 
     </span>
     <span class='ocr_line' id='line_1_8' title="bbox 331 780 1845 836; baseline 0.002 -15"><span class='ocrx_word' id='word_1_56' title='bbox 331 792 414 821; x_wconf 92' lang='lat' dir='ltr'><strong>non</strong></span> <span class='ocrx_word' id='word_1_57' title='bbox 448 784 554 820; x_wconf 86' lang='lat' dir='ltr'><strong>recte</strong></span> <span class='ocrx_word' id='word_1_58' title='bbox 593 780 770 820; x_wconf 90' lang='lat' dir='ltr'><strong>videmur</strong></span> <span class='ocrx_word' id='word_1_59' title='bbox 807 793 989 830; x_wconf 89' lang='lat' dir='ltr'><strong>censere,</strong></span> <span class='ocrx_word' id='word_1_60' title='bbox 1027 794 1230 835; x_wconf 92' lang='lat' dir='ltr'><strong>nunquam</strong></span> <span class='ocrx_word' id='word_1_61' title='bbox 1271 784 1351 823; x_wconf 87' lang='lat' dir='ltr'><strong>fere</strong></span> <span class='ocrx_word' id='word_1_62' title='bbox 1387 783 1470 823; x_wconf 91' lang='lat' dir='ltr'><strong>aliis</strong></span> <span class='ocrx_word' id='word_1_63' title='bbox 1499 782 1845 836; x_wconf 56' lang='lat' dir='ltr'><strong>Aeschylumfflri-</strong></span> 
     </span>
     <span class='ocr_line' id='line_1_9' title="bbox 333 850 1845 903; baseline 0.002 -12"><span class='ocrx_word' id='word_1_64' title='bbox 333 863 486 891; x_wconf 90' lang='lat' dir='ltr'><strong>marum</strong></span> <span class='ocrx_word' id='word_1_65' title='bbox 533 850 876 903; x_wconf 86' lang='lat' dir='ltr'><strong>secundarumque</strong></span> <span class='ocrx_word' id='word_1_66' title='bbox 919 851 1091 903; x_wconf 86' lang='lat' dir='ltr'><strong>partium</strong></span> <span class='ocrx_word' id='word_1_67' title='bbox 1138 865 1251 893; x_wconf 91' lang='lat' dir='ltr'><strong>usum</strong></span> <span class='ocrx_word' id='word_1_68' title='bbox 1290 865 1375 892; x_wconf 89' lang='lat' dir='ltr'><strong>esse</strong></span> <span class='ocrx_word' id='word_1_69' title='bbox 1410 851 1679 892; x_wconf 84' lang='lat' dir='ltr'><strong>histrionibus.</strong></span> <span class='ocrx_word' id='word_1_70' title='bbox 1745 851 1845 894; x_wconf 87' lang='lat' dir='ltr'><strong>Nam</strong></span> 
     </span>
     <span class='ocr_line' id='line_1_10' title="bbox 332 919 1846 974; baseline 0.001 -14"><span class='ocrx_word' id='word_1_71' title='bbox 332 933 422 960; x_wconf 91' lang='lat' dir='ltr'><strong>cum</strong></span> <span class='ocrx_word' id='word_1_72' title='bbox 452 919 712 959; x_wconf 89' lang='lat' dir='ltr'><strong>necessarium</strong></span> <span class='ocrx_word' id='word_1_73' title='bbox 745 924 874 966; x_wconf 90' lang='lat' dir='ltr'><strong>esset,</strong></span> <span class='ocrx_word' id='word_1_74' title='bbox 907 920 948 960; x_wconf 91' lang='lat' dir='ltr'><strong>id</strong></span> <span class='ocrx_word' id='word_1_75' title='bbox 979 920 1081 973; x_wconf 89' lang='lat' dir='ltr'><strong>quod</strong></span> <span class='ocrx_word' id='word_1_76' title='bbox 1114 933 1209 961; x_wconf 90' lang='lat' dir='ltr'><strong>sane</strong></span> <span class='ocrx_word' id='word_1_77' title='bbox 1240 921 1512 962; x_wconf 82' lang='lat' dir='ltr'><strong>difficillimum</strong></span> <span class='ocrx_word' id='word_1_78' title='bbox 1542 926 1614 969; x_wconf 88' lang='lat' dir='ltr'><strong>est,</strong></span> <span class='ocrx_word' id='word_1_79' title='bbox 1643 922 1775 974; x_wconf 89' lang='lat' dir='ltr'><strong>plures</strong></span> <span class='ocrx_word' id='word_1_80' title='bbox 1803 921 1846 963; x_wconf 87' lang='lat' dir='ltr'><strong>in</strong></span> 
     </span>
     <span class='ocr_line' id='line_1_11' title="bbox 334 988 1846 1044; baseline 0.001 -14"><span class='ocrx_word' id='word_1_81' title='bbox 334 989 495 1041; x_wconf 84' lang='lat' dir='ltr'><strong>singulis</strong></span> <span class='ocrx_word' id='word_1_82' title='bbox 525 988 667 1028; x_wconf 88' lang='lat' dir='ltr'><strong>fabulis</strong></span> <span class='ocrx_word' id='word_1_83' title='bbox 698 988 874 1040; x_wconf 85' lang='lat' dir='ltr'><strong>singulos</strong></span> <span class='ocrx_word' id='word_1_84' title='bbox 905 989 1120 1030; x_wconf 88' lang='lat' dir='ltr'><strong>histriones</strong></span> <span class='ocrx_word' id='word_1_85' title='bbox 1158 990 1356 1042; x_wconf 84' lang='lat' dir='ltr'><strong>suscipere</strong></span> <span class='ocrx_word' id='word_1_86' title='bbox 1391 995 1546 1042; x_wconf 86' lang='lat' dir='ltr'><strong>partes,</strong></span> <span class='ocrx_word' id='word_1_87' title='bbox 1586 1003 1728 1044; x_wconf 90' lang='lat' dir='ltr'><strong>easque</strong></span> <span class='ocrx_word' id='word_1_88' title='bbox 1763 1003 1846 1032; x_wconf 89' lang='lat' dir='ltr'><strong>non</strong></span> 
     </span>
     <span class='ocr_line' id='line_1_12' title="bbox 332 1058 1846 1113; baseline 0.001 -13"><span class='ocrx_word' id='word_1_89' title='bbox 332 1059 454 1100; x_wconf 89' lang='lat' dir='ltr'><strong>semel</strong></span> <span class='ocrx_word' id='word_1_90' title='bbox 484 1058 776 1106; x_wconf 82' lang='lat' dir='ltr'><strong>diversissimas,</strong></span> <span class='ocrx_word' id='word_1_91' title='bbox 818 1059 871 1099; x_wconf 92' lang='lat' dir='ltr'><strong>ita</strong></span> <span class='ocrx_word' id='word_1_92' title='bbox 902 1064 1057 1099; x_wconf 87' lang='lat' dir='ltr'><strong>tantum</strong></span> <span class='ocrx_word' id='word_1_93' title='bbox 1094 1060 1141 1099; x_wconf 91' lang='lat' dir='ltr'><strong>ad</strong></span> <span class='ocrx_word' id='word_1_94' title='bbox 1182 1059 1349 1113; x_wconf 82' lang='lat' dir='ltr'><strong>aliquam</strong></span> <span class='ocrx_word' id='word_1_95' title='bbox 1386 1060 1668 1112; x_wconf 81' lang='lat' dir='ltr'><strong>perfectionem</strong></span> <span class='ocrx_word' id='word_1_96' title='bbox 1706 1060 1846 1101; x_wconf 85' lang='lat' dir='ltr'><strong>adduci</strong></span> 
     </span>
     <span class='ocr_line' id='line_1_13' title="bbox 332 1127 1845 1183; baseline 0.001 -15"><span class='ocrx_word' id='word_1_97' title='bbox 332 1133 484 1182; x_wconf 89' lang='lat' dir='ltr'><strong>poterat</strong></span> <span class='ocrx_word' id='word_1_98' title='bbox 514 1128 750 1168; x_wconf 89' lang='lat' dir='ltr'><strong>histrionum</strong></span> <span class='ocrx_word' id='word_1_99' title='bbox 790 1127 1015 1176; x_wconf 80' lang='lat' dir='ltr'><strong>artificium,</strong></span> <span class='ocrx_word' id='word_1_100' title='bbox 1054 1133 1099 1168; x_wconf 88' lang='lat' dir='ltr'><strong>ut</strong></span> <span class='ocrx_word' id='word_1_101' title='bbox 1134 1128 1274 1168; x_wconf 90' lang='lat' dir='ltr'><strong>iisdem</strong></span> <span class='ocrx_word' id='word_1_102' title='bbox 1312 1141 1469 1181; x_wconf 89' lang='lat' dir='ltr'><strong>semper</strong></span> <span class='ocrx_word' id='word_1_103' title='bbox 1505 1134 1681 1170; x_wconf 86' lang='lat' dir='ltr'><strong>uteretur</strong></span> <span class='ocrx_word' id='word_1_104' title='bbox 1717 1134 1845 1183; x_wconf 88' lang='lat' dir='ltr'><strong>poeta,</strong></span> 
     </span>
     <span class='ocr_line' id='line_1_14' title="bbox 335 1197 1847 1251; baseline 0.002 -14"><span class='ocrx_word' id='word_1_105' title='bbox 335 1197 564 1247; x_wconf 86' lang='lat' dir='ltr'><strong>(dummodo</strong></span> <span class='ocrx_word' id='word_1_106' title='bbox 594 1197 649 1237; x_wconf 90' lang='lat' dir='ltr'><strong>illi</strong></span> <span class='ocrx_word' id='word_1_107' title='bbox 678 1198 835 1250; x_wconf 83' lang='lat' dir='ltr'><strong>ingenio</strong></span> <span class='ocrx_word' id='word_1_108' title='bbox 867 1197 960 1237; x_wconf 91' lang='lat' dir='ltr'><strong>satis</strong></span> <span class='ocrx_word' id='word_1_109' title='bbox 998 1197 1123 1237; x_wconf 87' lang='lat' dir='ltr'><strong>valere</strong></span> <span class='ocrx_word' id='word_1_110' title='bbox 1160 1197 1421 1247; x_wconf 89' lang='lat' dir='ltr'><strong>viderentur),</strong></span> <span class='ocrx_word' id='word_1_111' title='bbox 1457 1197 1580 1250; x_wconf 90' lang='lat' dir='ltr'><strong>iisque</strong></span> <span class='ocrx_word' id='word_1_112' title='bbox 1610 1198 1732 1251; x_wconf 86' lang='lat' dir='ltr'><strong>magis</strong></span> <span class='ocrx_word' id='word_1_113' title='bbox 1761 1211 1847 1240; x_wconf 84' lang='lat' dir='ltr'><strong>ma-</strong></span> 
     </span>
     <span class='ocr_line' id='line_1_15' title="bbox 334 1266 1846 1319; baseline 0.003 -13"><span class='ocrx_word' id='word_1_114' title='bbox 334 1266 470 1319; x_wconf 84' lang='lat' dir='ltr'><strong>gisque</strong></span> <span class='ocrx_word' id='word_1_115' title='bbox 502 1266 722 1307; x_wconf 88' lang='lat' dir='ltr'><strong>excolendis</strong></span> <span class='ocrx_word' id='word_1_116' title='bbox 752 1267 988 1307; x_wconf 88' lang='lat' dir='ltr'><strong>indefessam</strong></span> <span class='ocrx_word' id='word_1_117' title='bbox 1019 1279 1180 1319; x_wconf 85' lang='lat' dir='ltr'><strong>operam</strong></span> <span class='ocrx_word' id='word_1_118' title='bbox 1209 1270 1383 1307; x_wconf 89' lang='lat' dir='ltr'><strong>navaret.</strong></span> <span class='ocrx_word' id='word_1_119' title='bbox 1442 1266 1582 1307; x_wconf 89' lang='lat' dir='ltr'><strong>Postea</strong></span> <span class='ocrx_word' id='word_1_120' title='bbox 1613 1279 1727 1316; x_wconf 86' lang='lat' dir='ltr'><strong>vero,</strong></span> <span class='ocrx_word' id='word_1_121' title='bbox 1756 1281 1846 1310; x_wconf 89' lang='lat' dir='ltr'><strong>cum</strong></span> 
     </span>
     <span class='ocr_line' id='line_1_16' title="bbox 338 1335 1849 1388; baseline 0.001 -12"><span class='ocrx_word' id='word_1_122' title='bbox 338 1335 500 1388; x_wconf 88' lang='lat' dir='ltr'><strong>probata</strong></span> <span class='ocrx_word' id='word_1_123' title='bbox 536 1335 614 1374; x_wconf 88' lang='lat' dir='ltr'><strong>iam</strong></span> <span class='ocrx_word' id='word_1_124' title='bbox 655 1339 760 1375; x_wconf 90' lang='lat' dir='ltr'><strong>esset</strong></span> <span class='ocrx_word' id='word_1_125' title='bbox 801 1341 841 1375; x_wconf 88' lang='lat' dir='ltr'><strong>et</strong></span> <span class='ocrx_word' id='word_1_126' title='bbox 876 1339 1030 1387; x_wconf 85' lang='lat' dir='ltr'><strong>recepta</strong></span> <span class='ocrx_word' id='word_1_127' title='bbox 1067 1347 1165 1375; x_wconf 88' lang='lat' dir='ltr'><strong>nova</strong></span> <span class='ocrx_word' id='word_1_128' title='bbox 1206 1335 1288 1384; x_wconf 91' lang='lat' dir='ltr'><strong>illa,</strong></span> <span class='ocrx_word' id='word_1_129' title='bbox 1330 1335 1440 1376; x_wconf 91' lang='lat' dir='ltr'><strong>cuius</strong></span> <span class='ocrx_word' id='word_1_130' title='bbox 1470 1335 1678 1388; x_wconf 82' lang='lat' dir='ltr'><strong>Aeschylus</strong></span> <span class='ocrx_word' id='word_1_131' title='bbox 1714 1342 1849 1379; x_wconf 85' lang='lat' dir='ltr'><strong>auctor</strong></span> 
     </span>
     <span class='ocr_line' id='line_1_17' title="bbox 333 1404 1850 1457; baseline 0.002 -13"><span class='ocrx_word' id='word_1_132' title='bbox 333 1406 431 1453; x_wconf 89' lang='lat' dir='ltr'><strong>fuit,</strong></span> <span class='ocrx_word' id='word_1_133' title='bbox 474 1404 696 1456; x_wconf 84' lang='lat' dir='ltr'><strong>tragoediae</strong></span> <span class='ocrx_word' id='word_1_134' title='bbox 733 1404 883 1454; x_wconf 87' lang='lat' dir='ltr'><strong>forma,</strong></span> <span class='ocrx_word' id='word_1_135' title='bbox 929 1410 1046 1456; x_wconf 87' lang='lat' dir='ltr'><strong>atque</strong></span> <span class='ocrx_word' id='word_1_136' title='bbox 1085 1404 1248 1444; x_wconf 87' lang='lat' dir='ltr'><strong>florente</strong></span> <span class='ocrx_word' id='word_1_137' title='bbox 1283 1404 1394 1457; x_wconf 92' lang='lat' dir='ltr'><strong>poesi</strong></span> <span class='ocrx_word' id='word_1_138' title='bbox 1439 1405 1647 1446; x_wconf 89' lang='lat' dir='ltr'><strong>dramatica</strong></span> <span class='ocrx_word' id='word_1_139' title='bbox 1691 1406 1850 1447; x_wconf 88' lang='lat' dir='ltr'><strong>floreret</strong></span> 
     </span>
     <span class='ocr_line' id='line_1_18' title="bbox 339 1473 1849 1527; baseline 0 -11"><span class='ocrx_word' id='word_1_140' title='bbox 339 1477 455 1517; x_wconf 87' lang='lat' dir='ltr'><strong>etiam</strong></span> <span class='ocrx_word' id='word_1_141' title='bbox 486 1475 725 1516; x_wconf 86' lang='lat' dir='ltr'><strong>histrionum</strong></span> <span class='ocrx_word' id='word_1_142' title='bbox 756 1486 837 1522; x_wconf 87' lang='lat' dir='ltr'><strong>ars,</strong></span> <span class='ocrx_word' id='word_1_143' title='bbox 875 1474 950 1514; x_wconf 87' lang='lat' dir='ltr'><strong>iam</strong></span> <span class='ocrx_word' id='word_1_144' title='bbox 983 1485 1112 1526; x_wconf 91' lang='lat' dir='ltr'><strong>neque</strong></span> <span class='ocrx_word' id='word_1_145' title='bbox 1141 1473 1236 1526; x_wconf 88' lang='lat' dir='ltr'><strong>ipsis</strong></span> <span class='ocrx_word' id='word_1_146' title='bbox 1265 1474 1393 1526; x_wconf 90' lang='lat' dir='ltr'><strong>poetis</strong></span> <span class='ocrx_word' id='word_1_147' title='bbox 1424 1487 1522 1527; x_wconf 91' lang='lat' dir='ltr'><strong>opus</strong></span> <span class='ocrx_word' id='word_1_148' title='bbox 1553 1481 1636 1515; x_wconf 88' lang='lat' dir='ltr'><strong>erat</strong></span> <span class='ocrx_word' id='word_1_149' title='bbox 1671 1480 1849 1517; x_wconf 89' lang='lat' dir='ltr'><strong>actorum</strong></span> 
     </span>
     <span class='ocr_line' id='line_1_19' title="bbox 337 1542 1848 1598; baseline -0.001 -11"><span class='ocrx_word' id='word_1_150' title='bbox 337 1547 440 1588; x_wconf 89' lang='lat' dir='ltr'><strong>vices</strong></span> <span class='ocrx_word' id='word_1_151' title='bbox 484 1545 664 1598; x_wconf 84' lang='lat' dir='ltr'><strong>explere,</strong></span> <span class='ocrx_word' id='word_1_152' title='bbox 701 1548 739 1582; x_wconf 90' lang='lat' dir='ltr'><strong>et</strong></span> <span class='ocrx_word' id='word_1_153' title='bbox 776 1548 926 1583; x_wconf 89' lang='lat' dir='ltr'><strong>actores</strong></span> <span class='ocrx_word' id='word_1_154' title='bbox 965 1546 1071 1582; x_wconf 88' lang='lat' dir='ltr'><strong>sorte</strong></span> <span class='ocrx_word' id='word_1_155' title='bbox 1108 1542 1187 1582; x_wconf 87' lang='lat' dir='ltr'><strong>dati</strong></span> <span class='ocrx_word' id='word_1_156' title='bbox 1222 1542 1376 1596; x_wconf 89' lang='lat' dir='ltr'><strong>publice</strong></span> <span class='ocrx_word' id='word_1_157' title='bbox 1406 1543 1533 1596; x_wconf 91' lang='lat' dir='ltr'><strong>poetis</strong></span> <span class='ocrx_word' id='word_1_158' title='bbox 1562 1544 1848 1585; x_wconf 83' lang='lat' dir='ltr'><strong>tribuebantur.</strong></span> 
     </span>
     <span class='ocr_line' id='line_1_20' title="bbox 336 1611 1849 1670; baseline -0.001 -13"><span class='ocrx_word' id='word_1_159' title='bbox 336 1617 464 1670; x_wconf 84' lang='lat' dir='ltr'><strong>Atque</strong></span> <span class='ocrx_word' id='word_1_160' title='bbox 495 1615 543 1655; x_wconf 90' lang='lat' dir='ltr'><strong>ad</strong></span> <span class='ocrx_word' id='word_1_161' title='bbox 572 1612 768 1666; x_wconf 86' lang='lat' dir='ltr'><strong>posterius</strong></span> <span class='ocrx_word' id='word_1_162' title='bbox 799 1612 875 1652; x_wconf 90' lang='lat' dir='ltr'><strong>hoc</strong></span> <span class='ocrx_word' id='word_1_163' title='bbox 904 1617 1060 1664; x_wconf 88' lang='lat' dir='ltr'><strong>tempus</strong></span> <span class='ocrx_word' id='word_1_164' title='bbox 1091 1611 1321 1652; x_wconf 83' lang='lat' dir='ltr'><strong>referendus</strong></span> <span class='ocrx_word' id='word_1_165' title='bbox 1352 1617 1412 1653; x_wconf 88' lang='lat' dir='ltr'><strong>est</strong></span> <span class='ocrx_word' id='word_1_166' title='bbox 1440 1612 1502 1653; x_wconf 95' lang='lat' dir='ltr'><strong>ille</strong></span> <span class='ocrx_word' id='word_1_167' title='bbox 1530 1613 1656 1662; x_wconf 91' lang='lat' dir='ltr'><strong>locus,</strong></span> <span class='ocrx_word' id='word_1_168' title='bbox 1693 1627 1770 1666; x_wconf 89' lang='lat' dir='ltr'><strong>quo</strong></span> <span class='ocrx_word' id='word_1_169' title='bbox 1802 1614 1849 1655; x_wconf 91' lang='lat' dir='ltr'><strong>de</strong></span> 
     </span>
     <span class='ocr_line' id='line_1_21' title="bbox 336 1681 1847 1739; baseline -0.002 -13"><span class='ocrx_word' id='word_1_170' title='bbox 336 1684 490 1739; x_wconf 87' lang='lat' dir='ltr'><strong>publica</strong></span> <span class='ocrx_word' id='word_1_171' title='bbox 542 1687 719 1722; x_wconf 87' lang='lat' dir='ltr'><strong>actorum</strong></span> <span class='ocrx_word' id='word_1_172' title='bbox 760 1681 1034 1721; x_wconf 87' lang='lat' dir='ltr'><strong>distributione</strong></span> <span class='ocrx_word' id='word_1_173' title='bbox 1080 1681 1205 1733; x_wconf 82' lang='lat' dir='ltr'><strong>agitur</strong></span> <span class='ocrx_word' id='word_1_174' title='bbox 1250 1682 1471 1734; x_wconf 90' lang='lat' dir='ltr'><strong>Hesych.,</strong></span> <span class='ocrx_word' id='word_1_175' title='bbox 1518 1682 1671 1731; x_wconf 91' lang='lat' dir='ltr'><strong>Suid.,</strong></span> <span class='ocrx_word' id='word_1_176' title='bbox 1716 1683 1847 1723; x_wconf 88' lang='lat' dir='ltr'><strong>Phot.</strong></span> 
     </span>
     <span class='ocr_line' id='line_1_22' title="bbox 337 1744 1850 1808; baseline -0.003 -12"><span class='ocrx_word' id='word_1_177' title='bbox 337 1769 372 1796; x_wconf 88' lang='grc' dir='ltr'><strong>ν.</strong></span> <span class='ocrx_word' id='word_1_178' title='bbox 403 1750 605 1808; x_wconf 79' lang='grc' dir='ltr'><em>νεμήσεις</em></span> <span class='ocrx_word' id='word_1_179' title='bbox 634 1744 906 1805; x_wconf 72' lang='grc' dir='ltr'><em>ὑποκριτῶν·</em></span> <span class='ocrx_word' id='word_1_180' title='bbox 950 1748 993 1791; x_wconf 77' lang='grc' dir='ltr'><strong>οἳ</strong></span> <span class='ocrx_word' id='word_1_181' title='bbox 1029 1748 1213 1805; x_wconf 84' lang='grc' dir='ltr'><em>ποιηταὶ</em></span> <span class='ocrx_word' id='word_1_182' title='bbox 1244 1748 1491 1805; x_wconf 73' lang='grc' dir='ltr'><em>ἐλάμβανον</em></span> <span class='ocrx_word' id='word_1_183' title='bbox 1519 1757 1635 1806; x_wconf 79' lang='grc' dir='ltr'><em>τρεῖς</em></span> <span class='ocrx_word' id='word_1_184' title='bbox 1662 1749 1850 1807; x_wconf 75' lang='grc' dir='ltr'><em>ὐποκρι-</em></span> 
     </span>
     <span class='ocr_line' id='line_1_23' title="bbox 340 1815 1850 1876; baseline -0.001 -12"><span class='ocrx_word' id='word_1_185' title='bbox 340 1822 420 1872; x_wconf 77' lang='grc' dir='ltr'><em>τοὶς</em></span> <span class='ocrx_word' id='word_1_186' title='bbox 463 1818 603 1876; x_wconf 79' lang='grc' dir='ltr'><em>κλήρῳ</em></span> <span class='ocrx_word' id='word_1_187' title='bbox 649 1820 919 1874; x_wconf 73' lang='grc' dir='ltr'><em>νεμηθέντας</em></span> <span class='ocrx_word' id='word_1_188' title='bbox 965 1816 1334 1874; x_wconf 81' lang='grc' dir='ltr'><em>ὑποκρινομένους</em></span> <span class='ocrx_word' id='word_1_189' title='bbox 1372 1818 1426 1860; x_wconf 81' lang='grc' dir='ltr'><strong>τὰ</strong></span> <span class='ocrx_word' id='word_1_190' title='bbox 1466 1817 1686 1875; x_wconf 78' lang='grc' dir='ltr'><em>δράματα·</em></span> <span class='ocrx_word' id='word_1_191' title='bbox 1732 1815 1791 1863; x_wconf 79' lang='grc' dir='ltr'><strong>ὧν</strong></span> <span class='ocrx_word' id='word_1_192' title='bbox 1825 1818 1850 1866; x_wconf 79' lang='grc' dir='ltr'><em>ὅ</em></span> 
     </span>
     <span class='ocr_line' id='line_1_24' title="bbox 339 1885 1851 1947; baseline 0 -15"><span class='ocrx_word' id='word_1_193' title='bbox 339 1891 521 1947; x_wconf 81' lang='grc' dir='ltr'><em>νικήσας</em></span> <span class='ocrx_word' id='word_1_194' title='bbox 562 1890 624 1938; x_wconf 84' lang='grc' dir='ltr'><strong>εἷς</strong></span> <span class='ocrx_word' id='word_1_195' title='bbox 661 1885 846 1930; x_wconf 79' lang='grc' dir='ltr'><em>τούπιὸν</em></span> <span class='ocrx_word' id='word_1_196' title='bbox 882 1885 1053 1943; x_wconf 66' lang='grc' dir='ltr'><em>ἄκριτος</em></span> <span class='ocrx_word' id='word_1_197' title='bbox 1083 1887 1467 1943; x_wconf 79' lang='grc' dir='ltr'><em>παρελαμβάνετο·</em></span> <span class='ocrx_word' id='word_1_198' title='bbox 1500 1887 1619 1931; x_wconf 78' lang='grc' dir='ltr'><em>ἔστιν</em></span> <span class='ocrx_word' id='word_1_199' title='bbox 1648 1885 1724 1932; x_wconf 84' lang='grc' dir='ltr'><strong>οὖν</strong></span> <span class='ocrx_word' id='word_1_200' title='bbox 1754 1888 1851 1932; x_wconf 79' lang='grc' dir='ltr'><em>οἷον</em></span> 
     </span>
     <span class='ocr_line' id='line_1_25' title="bbox 340 1958 1850 2017; baseline -0.003 -13"><span class='ocrx_word' id='word_1_201' title='bbox 340 1963 600 2017; x_wconf 79' lang='grc' dir='ltr'><em>διαιρέσεις·</em></span> <span class='ocrx_word' id='word_1_202' title='bbox 647 1959 754 1999; x_wconf 91' lang='lat' dir='ltr'><strong>unde</strong></span> <span class='ocrx_word' id='word_1_203' title='bbox 784 1958 1087 2011; x_wconf 85' lang='lat' dir='ltr'><strong>cognoscimus,</strong></span> <span class='ocrx_word' id='word_1_204' title='bbox 1126 1958 1304 1999; x_wconf 81' lang='lat' dir='ltr'><strong>examine</strong></span> <span class='ocrx_word' id='word_1_205' title='bbox 1342 1959 1416 1999; x_wconf 88' lang='lat' dir='ltr'><strong>rite</strong></span> <span class='ocrx_word' id='word_1_206' title='bbox 1454 1964 1638 2012; x_wconf 88' lang='lat' dir='ltr'><strong>superato</strong></span> <span class='ocrx_word' id='word_1_207' title='bbox 1675 1959 1850 2012; x_wconf 87' lang='lat' dir='ltr'><strong>singulos</strong></span> 
     </span>
     <span class='ocr_line' id='line_1_26' title="bbox 340 2027 1852 2083; baseline -0.003 -10"><span class='ocrx_word' id='word_1_208' title='bbox 340 2038 505 2078; x_wconf 85' lang='lat' dir='ltr'><strong>actores,</strong></span> <span class='ocrx_word' id='word_1_209' title='bbox 540 2027 842 2083; x_wconf 87' lang='lat' dir='ltr'><strong>protagonistas,</strong></span> <span class='ocrx_word' id='word_1_210' title='bbox 874 2027 1232 2080; x_wconf 80' lang='lat' dir='ltr'><strong>deuteragonistaS,</strong></span> <span class='ocrx_word' id='word_1_211' title='bbox 1262 2027 1526 2081; x_wconf 87' lang='lat' dir='ltr'><strong>tritagonistas</strong></span> <span class='ocrx_word' id='word_1_212' title='bbox 1557 2033 1663 2068; x_wconf 89' lang='lat' dir='ltr'><strong>sorte</strong></span> <span class='ocrx_word' id='word_1_213' title='bbox 1690 2028 1852 2080; x_wconf 86' lang='lat' dir='ltr'><strong>singulis</strong></span> 
     </span>
     <span class='ocr_line' id='line_1_27' title="bbox 339 2096 1851 2155; baseline -0.001 -14"><span class='ocrx_word' id='word_1_214' title='bbox 339 2100 465 2155; x_wconf 89' lang='lat' dir='ltr'><strong>poetis</strong></span> <span class='ocrx_word' id='word_1_215' title='bbox 497 2112 584 2140; x_wconf 91' lang='lat' dir='ltr'><strong>esse</strong></span> <span class='ocrx_word' id='word_1_216' title='bbox 615 2096 865 2147; x_wconf 89' lang='lat' dir='ltr'><strong>distributos;</strong></span> <span class='ocrx_word' id='word_1_217' title='bbox 906 2108 974 2137; x_wconf 92' lang='lat' dir='ltr'><strong>eos</strong></span> <span class='ocrx_word' id='word_1_218' title='bbox 1004 2108 1095 2137; x_wconf 89' lang='lat' dir='ltr'><strong>vero</strong></span> <span class='ocrx_word' id='word_1_219' title='bbox 1125 2096 1360 2143; x_wconf 88' lang='lat' dir='ltr'><strong>histriones,</strong></span> <span class='ocrx_word' id='word_1_220' title='bbox 1397 2097 1465 2149; x_wconf 87' lang='lat' dir='ltr'><strong>qui</strong></span> <span class='ocrx_word' id='word_1_221' title='bbox 1499 2096 1542 2136; x_wconf 90' lang='lat' dir='ltr'><strong>in</strong></span> <span class='ocrx_word' id='word_1_222' title='bbox 1571 2097 1851 2139; x_wconf 85' lang='lat' dir='ltr'><strong>certaminibus</strong></span> 
     </span>
     <span class='ocr_line' id='line_1_28' title="bbox 341 2165 1851 2219; baseline -0.003 -8"><span class='ocrx_word' id='word_1_223' title='bbox 341 2169 527 2211; x_wconf 89' lang='lat' dir='ltr'><strong>scaenicis</strong></span> <span class='ocrx_word' id='word_1_224' title='bbox 558 2168 636 2208; x_wconf 90' lang='lat' dir='ltr'><strong>sive</strong></span> <span class='ocrx_word' id='word_1_225' title='bbox 657 2166 958 2219; x_wconf 84' lang='lat' dir='ltr'><strong>protagonistae‚</strong></span> <span class='ocrx_word' id='word_1_226' title='bbox 989 2166 1067 2206; x_wconf 85' lang='lat' dir='ltr'><strong>sive</strong></span> <span class='ocrx_word' id='word_1_227' title='bbox 1098 2165 1446 2218; x_wconf 87' lang='lat' dir='ltr'><strong>deuteragonistae‚</strong></span> <span class='ocrx_word' id='word_1_228' title='bbox 1476 2165 1556 2206; x_wconf 89' lang='lat' dir='ltr'><strong>sive</strong></span> <span class='ocrx_word' id='word_1_229' title='bbox 1585 2166 1851 2219; x_wconf 85' lang='lat' dir='ltr'><strong>tritagonistae</strong></span> 
     </span>
     <span class='ocr_line' id='line_1_29' title="bbox 339 2235 1852 2291; baseline -0.003 -11"><span class='ocrx_word' id='word_1_230' title='bbox 339 2240 416 2281; x_wconf 86' lang='lat' dir='ltr'><strong>iam</strong></span> <span class='ocrx_word' id='word_1_231' title='bbox 454 2237 606 2291; x_wconf 80' lang='lat' dir='ltr'><strong>probati</strong></span> <span class='ocrx_word' id='word_1_232' title='bbox 643 2236 830 2282; x_wconf 81' lang='lat' dir='ltr'><strong>fuissent,</strong></span> <span class='ocrx_word' id='word_1_233' title='bbox 869 2236 954 2275; x_wconf 90' lang='lat' dir='ltr'><strong>sine</strong></span> <span class='ocrx_word' id='word_1_234' title='bbox 990 2235 1165 2276; x_wconf 85' lang='lat' dir='ltr'><strong>examine</strong></span> <span class='ocrx_word' id='word_1_235' title='bbox 1202 2241 1337 2287; x_wconf 87' lang='lat' dir='ltr'><strong>postea</strong></span> <span class='ocrx_word' id='word_1_236' title='bbox 1372 2235 1411 2275; x_wconf 92' lang='lat' dir='ltr'><strong>in</strong></span> <span class='ocrx_word' id='word_1_237' title='bbox 1449 2247 1604 2283; x_wconf 88' lang='lat' dir='ltr'><strong>eorum,</strong></span> <span class='ocrx_word' id='word_1_238' title='bbox 1643 2235 1709 2289; x_wconf 92' lang='lat' dir='ltr'><strong>qui</strong></span> <span class='ocrx_word' id='word_1_239' title='bbox 1745 2241 1852 2276; x_wconf 91' lang='lat' dir='ltr'><strong>sorte</strong></span> 
     </span>
     <span class='ocr_line' id='line_1_30' title="bbox 343 2303 1851 2358; baseline -0.003 -9"><span class='ocrx_word' id='word_1_240' title='bbox 343 2307 603 2349; x_wconf 88' lang='lat' dir='ltr'><strong>distribuendi</strong></span> <span class='ocrx_word' id='word_1_241' title='bbox 646 2310 796 2352; x_wconf 88' lang='lat' dir='ltr'><strong>essent,</strong></span> <span class='ocrx_word' id='word_1_242' title='bbox 847 2310 1023 2345; x_wconf 88' lang='lat' dir='ltr'><strong>actorum</strong></span> <span class='ocrx_word' id='word_1_243' title='bbox 1069 2317 1280 2345; x_wconf 87' lang='lat' dir='ltr'><strong>numerum</strong></span> <span class='ocrx_word' id='word_1_244' title='bbox 1325 2317 1410 2345; x_wconf 92' lang='lat' dir='ltr'><strong>esse</strong></span> <span class='ocrx_word' id='word_1_245' title='bbox 1452 2303 1688 2358; x_wconf 84' lang='lat' dir='ltr'><strong>receptos2).</strong></span> <span class='ocrx_word' id='word_1_246' title='bbox 1763 2305 1851 2345; x_wconf 91' lang='lat' dir='ltr'><strong>Non</strong></span> 
     </span>
     <span class='ocr_line' id='line_1_31' title="bbox 342 2372 1850 2432; baseline -0.004 -12"><span class='ocrx_word' id='word_1_247' title='bbox 342 2384 517 2432; x_wconf 87' lang='lat' dir='ltr'><strong>spectare</strong></span> <span class='ocrx_word' id='word_1_248' title='bbox 547 2381 676 2417; x_wconf 90' lang='lat' dir='ltr'><strong>autem</strong></span> <span class='ocrx_word' id='word_1_249' title='bbox 707 2376 815 2416; x_wconf 91' lang='lat' dir='ltr'><strong>hunc</strong></span> <span class='ocrx_word' id='word_1_250' title='bbox 843 2375 973 2415; x_wconf 90' lang='lat' dir='ltr'><strong>locum</strong></span> <span class='ocrx_word' id='word_1_251' title='bbox 1002 2374 1049 2414; x_wconf 90' lang='lat' dir='ltr'><strong>ad</strong></span> <span class='ocrx_word' id='word_1_252' title='bbox 1078 2373 1228 2426; x_wconf 89' lang='lat' dir='ltr'><strong>priores</strong></span> <span class='ocrx_word' id='word_1_253' title='bbox 1258 2372 1433 2426; x_wconf 79' lang='lat' dir='ltr'><strong>Aeschyli</strong></span> <span class='ocrx_word' id='word_1_254' title='bbox 1463 2373 1609 2414; x_wconf 90' lang='lat' dir='ltr'><strong>fabulas</strong></span> <span class='ocrx_word' id='word_1_255' title='bbox 1641 2374 1699 2414; x_wconf 91' lang='lat' dir='ltr'><strong>vel</strong></span> <span class='ocrx_word' id='word_1_256' title='bbox 1729 2386 1775 2414; x_wconf 84' lang='lat' dir='ltr'><strong>ex</strong></span> <span class='ocrx_word' id='word_1_257' title='bbox 1804 2386 1850 2414; x_wconf 89' lang='lat' dir='ltr'><strong>eo</strong></span> 
     </span>
     <span class='ocr_line' id='line_1_32' title="bbox 343 2442 1852 2499; baseline -0.003 -11"><span class='ocrx_word' id='word_1_258' title='bbox 343 2447 593 2499; x_wconf 82' lang='lat' dir='ltr'><strong>intellegitur,</strong></span> <span class='ocrx_word' id='word_1_259' title='bbox 625 2445 729 2498; x_wconf 90' lang='lat' dir='ltr'><strong>quod</strong></span> <span class='ocrx_word' id='word_1_260' title='bbox 751 2450 832 2484; x_wconf 89' lang='lat' dir='ltr'><strong>tres</strong></span> <span class='ocrx_word' id='word_1_261' title='bbox 854 2444 1108 2484; x_wconf 88' lang='lat' dir='ltr'><strong>nominantur</strong></span> <span class='ocrx_word' id='word_1_262' title='bbox 1129 2443 1352 2485; x_wconf 80' lang='lat' dir='ltr'><strong>histriones,</strong></span> <span class='ocrx_word' id='word_1_263' title='bbox 1410 2442 1698 2484; x_wconf 80' lang='lat' dir='ltr'><strong>posterioribus</strong></span> <span class='ocrx_word' id='word_1_264' title='bbox 1719 2446 1852 2483; x_wconf 87' lang='lat' dir='ltr'><strong>autem</strong></span> 
     </span>
     <span class='ocr_line' id='line_1_33' title="bbox 343 2512 1852 2567; baseline -0.004 -9"><span class='ocrx_word' id='word_1_265' title='bbox 343 2517 480 2558; x_wconf 87' lang='lat' dir='ltr'><strong>aetatis</strong></span> <span class='ocrx_word' id='word_1_266' title='bbox 510 2514 622 2555; x_wconf 91' lang='lat' dir='ltr'><strong>annis</strong></span> <span class='ocrx_word' id='word_1_267' title='bbox 654 2526 750 2554; x_wconf 90' lang='lat' dir='ltr'><strong>num</strong></span> <span class='ocrx_word' id='word_1_268' title='bbox 782 2526 831 2554; x_wconf 92' lang='lat' dir='ltr'><strong>ne</strong></span> <span class='ocrx_word' id='word_1_269' title='bbox 861 2513 1071 2565; x_wconf 85' lang='lat' dir='ltr'><strong>Aeschylus</strong></span> <span class='ocrx_word' id='word_1_270' title='bbox 1104 2513 1263 2567; x_wconf 90' lang='lat' dir='ltr'><strong>quidem</strong></span> <span class='ocrx_word' id='word_1_271' title='bbox 1300 2512 1474 2566; x_wconf 89' lang='lat' dir='ltr'><strong>potuerit</strong></span> <span class='ocrx_word' id='word_1_272' title='bbox 1511 2512 1680 2564; x_wconf 86' lang='lat' dir='ltr'><strong>effugere</strong></span> <span class='ocrx_word' id='word_1_273' title='bbox 1714 2523 1852 2553; x_wconf 85' lang='lat' dir='ltr'><strong>recens</strong></span> 
     </span>
     <span class='ocr_line' id='line_1_34' title="bbox 342 2579 1854 2632; baseline -0.003 -6"><span class='ocrx_word' id='word_1_274' title='bbox 342 2586 438 2626; x_wconf 91' lang='lat' dir='ltr'><strong>illud</strong></span> <span class='ocrx_word' id='word_1_275' title='bbox 474 2585 700 2632; x_wconf 83' lang='lat' dir='ltr'><strong>inventurn,</strong></span> <span class='ocrx_word' id='word_1_276' title='bbox 740 2595 830 2623; x_wconf 90' lang='lat' dir='ltr'><strong>cum</strong></span> <span class='ocrx_word' id='word_1_277' title='bbox 869 2582 973 2623; x_wconf 88' lang='lat' dir='ltr'><strong>nulla</strong></span> <span class='ocrx_word' id='word_1_278' title='bbox 1003 2582 1087 2624; x_wconf 92' lang='lat' dir='ltr'><strong>eius</strong></span> <span class='ocrx_word' id='word_1_279' title='bbox 1128 2582 1183 2623; x_wconf 90' lang='lat' dir='ltr'><strong>rei</strong></span> <span class='ocrx_word' id='word_1_280' title='bbox 1225 2585 1378 2624; x_wconf 86' lang='lat' dir='ltr'><strong>exstent</strong></span> <span class='ocrx_word' id='word_1_281' title='bbox 1415 2581 1670 2629; x_wconf 84' lang='lat' dir='ltr'><strong>documenta,</strong></span> <span class='ocrx_word' id='word_1_282' title='bbox 1711 2579 1854 2621; x_wconf 90' lang='lat' dir='ltr'><strong>obscu-</strong></span> 
     </span>
     <span class='ocr_line' id='line_1_35' title="bbox 343 2659 534 2695; baseline -0.005 0"><span class='ocrx_word' id='word_1_283' title='bbox 343 2666 433 2695; x_wconf 91' lang='lat' dir='ltr'><strong>rum</strong></span> <span class='ocrx_word' id='word_1_284' title='bbox 464 2659 534 2694; x_wconf 90' lang='lat' dir='ltr'><strong>est.</strong></span> 
     </span>
    </p>
   </div>
   <div class='ocr_carea' id='block_1_3' title="bbox 346 2818 1855 2986">
    <p class='ocr_par' dir='ltr' id='par_1_3' title="bbox 346 2818 1855 2986">
     <span class='ocr_line' id='line_1_36' title="bbox 438 2818 1712 2874; baseline -0.003 -19"><span class='ocrx_word' id='word_1_285' title='bbox 438 2824 465 2865; x_wconf 88' lang='lat'><strong>¹)</strong></span> <span class='ocrx_word' id='word_1_286' title='bbox 490 2822 538 2856; x_wconf 85' lang='lat' dir='ltr'><strong>Cf.</strong></span> <span class='ocrx_word' id='word_1_287' title='bbox 563 2822 782 2858; x_wconf 86' lang='lat' dir='ltr'><strong>Plutarch.</strong></span> <span class='ocrx_word' id='word_1_288' title='bbox 808 2825 854 2857; x_wconf 91' lang='lat' dir='ltr'><strong>de</strong></span> <span class='ocrx_word' id='word_1_289' title='bbox 879 2824 1022 2866; x_wconf 87' lang='lat' dir='ltr'><strong>gloria</strong></span> <span class='ocrx_word' id='word_1_290' title='bbox 1047 2821 1381 2857; x_wconf 86' lang='lat' dir='ltr'><strong>Atheniensium.</strong></span> <span class='ocrx_word' id='word_1_291' title='bbox 1405 2821 1426 2854; x_wconf 88' lang='grc'><strong>6</strong></span> <span class='ocrx_word' id='word_1_292' title='bbox 1453 2831 1483 2864; x_wconf 84' lang='lat' dir='ltr'><strong>p.</strong></span> <span class='ocrx_word' id='word_1_293' title='bbox 1509 2819 1583 2853; x_wconf 87' lang='lat'>348.</span> <span class='ocrx_word' id='word_1_294' title='bbox 1608 2819 1648 2852; x_wconf 83' lang='lat' dir='ltr'><strong>E.</strong></span> <span class='ocrx_word' id='word_1_295' title='bbox 1663 2818 1712 2874; x_wconf 17' lang='lat' dir='ltr'><strong>AF.</strong></span> 
     </span>
     <span class='ocr_line' id='line_1_37' title="bbox 438 2875 1855 2926; baseline 0.001 -13"><span class='ocrx_word' id='word_1_296' title='bbox 438 2879 462 2925; x_wconf 87' lang='lat'><strong>²)</strong></span> <span class='ocrx_word' id='word_1_297' title='bbox 487 2880 688 2915; x_wconf 87' lang='lat' dir='ltr'><strong>Rectissime</strong></span> <span class='ocrx_word' id='word_1_298' title='bbox 712 2882 762 2915; x_wconf 86' lang='lat' dir='ltr'><strong>ita</strong></span> <span class='ocrx_word' id='word_1_299' title='bbox 786 2883 1028 2926; x_wconf 79' lang='lat' dir='ltr'><strong>interpretatus</strong></span> <span class='ocrx_word' id='word_1_300' title='bbox 1054 2886 1106 2915; x_wconf 82' lang='lat' dir='ltr'><strong>est</strong></span> <span class='ocrx_word' id='word_1_301' title='bbox 1130 2882 1166 2915; x_wconf 87' lang='lat' dir='ltr'><strong>C.</strong></span> <span class='ocrx_word' id='word_1_302' title='bbox 1189 2883 1312 2921; x_wconf 80' lang='lat' dir='ltr'><strong>Beer,</strong></span> <span class='ocrx_word' id='word_1_303' title='bbox 1342 2878 1426 2912; x_wconf 77' lang='lat' dir='ltr'><strong>iiber</strong></span> <span class='ocrx_word' id='word_1_304' title='bbox 1458 2878 1512 2911; x_wconf 71' lang='lat' dir='ltr'><strong>die</strong></span> <span class='ocrx_word' id='word_1_305' title='bbox 1537 2877 1623 2910; x_wconf 73' lang='lat' dir='ltr'><strong>Zflhl</strong></span> <span class='ocrx_word' id='word_1_306' title='bbox 1647 2876 1707 2910; x_wconf 76' lang='lat' dir='ltr'><strong>der</strong></span> <span class='ocrx_word' id='word_1_307' title='bbox 1731 2875 1855 2910; x_wconf 68' lang='lat' dir='ltr'><strong>Sellan-</strong></span> 
     </span>
     <span class='ocr_line' id='line_1_38' title="bbox 346 2939 1208 2986; baseline 0.002 -15"><span class='ocrx_word' id='word_1_308' title='bbox 346 2939 472 2986; x_wconf 84' lang='lat' dir='ltr'><strong>spieler</strong></span> <span class='ocrx_word' id='word_1_309' title='bbox 497 2939 550 2972; x_wconf 88' lang='lat' dir='ltr'><strong>bei</strong></span> <span class='ocrx_word' id='word_1_310' title='bbox 577 2939 831 2983; x_wconf 85' lang='lat' dir='ltr'><strong>Aristophanes.</strong></span> <span class='ocrx_word' id='word_1_311' title='bbox 857 2940 970 2984; x_wconf 85' lang='lat' dir='ltr'><strong>Leipz.</strong></span> <span class='ocrx_word' id='word_1_312' title='bbox 1000 2940 1096 2974; x_wconf 82' lang='lat'>1844.</span> <span class='ocrx_word' id='word_1_313' title='bbox 1122 2951 1152 2986; x_wconf 85' lang='lat' dir='ltr'><strong>p.</strong></span> <span class='ocrx_word' id='word_1_314' title='bbox 1178 2939 1208 2973; x_wconf 88' lang='lat'><strong>7.</strong></span> 
     </span>
    </p>
   </div>
  </div>
 </body>
</html>
