2014 3204
725 294 781 299 -
836 257 920 310 '113
978 295 1033 300 -

126 389 254 439 benda
285 401 445 444 operam
475 388 698 434 collocasse,
728 391 915 440 quantam
946 386 986 426 in
1016 386 1117 434 eius,
1149 397 1248 438 quae
1278 384 1472 425 Tellius
1502 384 1642 424 inscri-

85 482 88 484 ψ
127 459 248 509 bitur,
277 459 407 500 fabula
438 456 779 513 deprehendimuS‚
808 468 887 496 una
917 455 1097 496 omnium
1126 454 1296 495 maxime
1323 453 1387 493 illa
1418 450 1645 494 elaborata?

128 529 254 570 Immo
283 533 443 569 vero‘et
470 514 555 580 ipse
586 532 626 567 et
654 538 791 567 omnes
825 525 1011 578 deinceps
1040 528 1178 577 poetae
1218 523 1384 565 scaenici
1427 523 1646 563 rectissime

131 610 298 638 scaenae
326 597 553 638 tribuerunt
581 608 728 643 curam,
771 594 825 635 ita
856 600 899 634 ut
928 607 1069 647 operae
1112 592 1163 634 sit
1192 592 1363 646 pretium
1393 592 1639 644 investigare,

133 668 332 721 quomodo
361 671 427 708 aut
445 678 625 707 scaenam
646 678 739 706 suae
755 664 922 718 quisque
942 662 1079 704 aetatis
1094 662 1184 710 sibi,
1215 668 1281 703 aut
1300 674 1418 703 suum
1441 661 1644 714 ingenium

133 735 442 778 accomodaverit
470 747 647 776 scaenae.

250 804 327 845 Sed
356 809 486 845 tamen
518 804 630 845 facile
660 808 700 844 et
720 809 935 856 potuerunt
966 808 1004 843 et
1033 809 1203 856 possunt
1223 802 1451 843 etiamnunc
1478 802 1520 842 in
1542 814 1647 849 eum,

134 870 251 928 quem
294 873 386 920 dixi,
430 885 605 914 errorem
653 872 786 913 induci
830 872 1078 925 quorundam
1124 877 1352 913 nostrorum
1398 871 1648 924 potissimum

133 946 336 996 poetarum
368 942 492 995 culpa.
550 941 890 990 Quemadmodum
923 941 1027 982 enim
1058 942 1171 982 multi
1215 942 1258 981 in
1287 941 1525 982 contrariam
1557 953 1649 993 par-

133 1017 214 1052 tem
245 1011 443 1058 abeuntes,
472 1010 758 1051 sententiarum
788 1010 977 1063 gravitate
1007 1010 1207 1058 destituti,
1237 1011 1294 1051 nil
1324 1011 1445 1063 magis
1475 1022 1650 1063 sequun-

101 1068 104 1069 ⁷
133 1085 201 1120 tur
228 1080 304 1120 nisi
332 1092 527 1120 summam
557 1092 693 1120 rerum
722 1080 998 1132 factorumque
1028 1080 1069 1119 in
1090 1091 1229 1120 scaena
1246 1079 1472 1120 varietatem
1491 1093 1535 1120 ac
1564 1085 1651 1119 tur-

134 1148 239 1198 bam,
268 1162 344 1201 qua
375 1161 526 1197 eorum,
556 1149 624 1201 qui
655 1155 843 1202 spectant,
873 1149 907 1189 si
936 1149 1068 1190 minus
1099 1149 1264 1198 animos,
1303 1154 1417 1202 (quos
1447 1161 1517 1202 per
1546 1149 1652 1188 mul-

136 1224 269 1258 torum
298 1231 416 1271 saepe
445 1219 665 1258 seculorum
697 1218 820 1271 spatia
851 1219 1016 1270 agitatos
1052 1219 1220 1259 nimium
1251 1225 1443 1271 quantum
1489 1218 1652 1258 distrahi

142 1286 377 1340 patiuntur),
407 1292 446 1327 at
475 1293 580 1328 certe
610 1287 744 1328 oculos
772 1288 1027 1337 retineant¹):
1072 1287 1175 1328 haud
1219 1288 1331 1340 pauci
1360 1292 1496 1327 contra
1529 1300 1654 1339 usque

140 1367 187 1395 eo
215 1356 406 1396 recedunt
436 1369 457 1396 a
485 1356 681 1396 scaenicae
710 1356 840 1408 poesis
877 1356 1138 1409 proprietate,
1170 1362 1215 1396 ut
1244 1356 1462 1408 tragoedias
1491 1368 1655 1395 comoe-

139 1423 304 1476 diasque
332 1424 375 1464 in
405 1424 580 1464 animum
620 1425 813 1465 inducant
855 1425 1037 1473 scribere,
1082 1438 1164 1465 non
1210 1439 1309 1478 quae
1338 1425 1491 1478 publice
1536 1436 1656 1476 agan-

140 1498 218 1539 tur,
247 1492 315 1532 sed
346 1506 445 1545 quae
475 1494 601 1534 solum
631 1494 827 1546 legantur,
857 1507 981 1547 eoque
1012 1507 1151 1535 vanam
1180 1499 1333 1535 tantum
1365 1494 1532 1534 actionis
1561 1507 1655 1546 spe-

144 1561 242 1601 ciem
272 1561 491 1611 imitentur,
536 1575 653 1615 quam
682 1563 724 1603 in
763 1575 925 1604 scaenae
956 1564 1082 1604 lucem
1126 1564 1356 1616 productam
1400 1575 1561 1603 necesse
1606 1563 1657 1603 sit

143 1642 387 1671 evanescere.

254 1700 504 1740 Atenimvero
536 1704 713 1741 veterum
745 1706 848 1742 certe
876 1713 1039 1754 prorsus
1069 1702 1140 1742 alia
1169 1702 1244 1742 fuit
1290 1701 1498 1749 sententia,
1536 1713 1659 1753 eaque

142 1773 223 1808 tam
253 1768 417 1815 diversa,
449 1775 489 1808 ut
518 1770 821 1811 Aristoteles
865 1783 946 1811 non
977 1771 1094 1811 modo
1124 1783 1204 1812 non
1244 1783 1526 1824 supervacuam
1555 1770 1658 1809 iudi-

145 1843 252 1876 caret
281 1849 365 1877 esse
396 1837 508 1884 hanc,
539 1838 587 1878 de
616 1852 692 1890 qua
721 1840 885 1891 agimus,
915 1853 1012 1886 rem,
1057 1840 1125 1879 sed
1157 1840 1274 1880 etiam
1304 1839 1486 1893 inprimis
1516 1851 1658 1879 neces-

146 1905 301 1945 sariam.
362 1906 436 1954 Qui
480 1918 571 1946 cum
615 1908 970 1949 omnium-artium
1006 1908 1080 1948 hoc
1123 1909 1327 1961 proprium
1374 1922 1458 1950 esse
1503 1914 1659 1956 statuat,

145 1979 191 2014 ut
219 1973 500 2023 imitentur,
530 1976 761 2028 tragoediae,
790 1982 834 2017 ut
863 1978 1059 2018 actione
1081 1974 1278 2026 imitetur,
1324 1991 1371 2017 ex
1402 1978 1528 2018 tribus
1572 1978 1659 2026 illis,

147 2042 289 2096 quibus
308 2044 497 2095 imitetur,
527 2043 647 2085 rebus
665 2047 893 2098 primariam
923 2048 1060 2087 statuit
1080 2060 1165 2087 esse
1185 2048 1394 2100 spectaculi
1425 2046 1659 2096 ornatum2).

148 2112 248 2152 Nam
280 2113 610 2165 quemadmodum
642 2127 693 2154 ne
722 2115 838 2167 lyrica
868 2116 1038 2167 quidem,
1067 2117 1127 2156 vel
1158 2122 1201 2156 ut
1230 2117 1376 2157 rectius
1406 2117 1543 2162 dicam,
1574 2129 1662 2156 me—

144 2180 215 2222 lica
245 2182 419 2222 carmina
449 2195 621 2235 unquam
652 2183 699 2223 ab
729 2184 899 2236 antiquis
919 2184 1044 2236 poetis
1074 2192 1164 2225 ante
1185 2186 1539 2226 Alexandrinorum
1571 2186 1661 2238 qui-

147 2249 236 2290 dem
266 2255 432 2291 aetatem
463 2252 619 2292 condita
648 2259 752 2302 suut,
793 2266 891 2306 quae
921 2267 1002 2294 non
1033 2255 1169 2294 eadem
1199 2255 1245 2295 ad
1276 2250 1399 2308 l'yram
1428 2260 1496 2294 aut
1525 2253 1660 2294 tibiam

241 2427 264 2468 ¹)
289 2427 375 2460 Sunt
397 2428 485 2460 euim
509 2427 611 2469 bene,
643 2428 759 2470 credo,
790 2429 846 2462 iili
869 2440 1032 2464 memores
1058 2430 1193 2464 Goethii
1218 2430 1326 2463 nostri
1351 2430 1549 2472 verborum,
1577 2440 1659 2472 quae

150 2484 273 2518 tribuit
297 2485 343 2527 ei,
367 2486 424 2528 qui
449 2490 583 2529 praeest
606 2486 773 2520 scaenicis
797 2490 1002 2532 spectaculis
1027 2489 1178 2530 edendis,
1203 2489 1236 2521 in
1263 2487 1474 2531 praefatione
1497 2488 1636 2520 Fausti:

413 2543 490 2576 Man
516 2544 641 2577 kommt
665 2555 706 2576 zu
731 2545 868 2588 schaun,
891 2557 964 2579 man
989 2547 1064 2580 will
1088 2557 1139 2580 am
1163 2546 1323 2579 Liebsten
1350 2546 1442 2579 sehn.

420 2599 522 2633 Wird
546 2601 661 2635 Vieles
684 2613 749 2635 vor
772 2604 834 2636 den
858 2603 976 2646 Augen
1001 2605 1245 2647 abgesponnen,

416 2657 459 2690 So
484 2659 562 2691 dass
587 2660 643 2692 die
667 2660 785 2701 Mengc
809 2662 972 2694 staunend
995 2662 1103 2702 gaffen
1130 2662 1227 2702 kann,

415 2715 463 2748 Da
486 2716 568 2749 habt
592 2717 645 2749 ihr
671 2717 701 2749 in
728 2717 780 2751 die
805 2718 917 2751 Breite
940 2719 1052 2761 gleich
1076 2729 1273 2760 gewonnen‚

417 2773 472 2806 Ihr
497 2774 569 2807 seid
593 2775 648 2807 ein
674 2775 911 2817 vielgeliebter
934 2775 1045 2809 Manu.

243 2829 273 2870 '-')
297 2829 508 2864 Aristot.
547 2837 634 2875 poet.
676 2832 707 2864 6.
740 2831 820 2866 ἐπεὶ
857 2831 895 2865 δὲ
934 2829 1150 2879 πράττοντες
1188 2832 1379 2866 ποιοῦνται
1402 2829 1469 2875 τὴν
1491 2832 1662 2876 μίμησιν,

153 2886 328 2933 πρῶτον
348 2886 429 2931 μὲν
446 2886 487 2926 ἐξ
510 2886 708 2934 ἀνάγκης
724 2886 776 2923 ἄν
793 2891 856 2933 εἴη
871 2901 912 2923 τι
934 2885 1098 2936 μόριον
1113 2889 1361 2937 τραγῳδίας
1384 2887 1404 2922 ὁ
1429 2890 1498 2931 τῆς
1521 2886 1665 2932 ὄψεως

154 2938 336 2989 κόσμος,
362 2943 437 2977 εἶτα
459 2947 654 2990 μελοποιία
677 2949 736 2980 καὶ
762 2948 864 2985 λέξις·
889 2946 929 2981 ev
951 2945 1087 2986 τούτοις
1101 2946 1172 2994 γὰρ
1195 2949 1385 2981 ποιοῦνται
1411 2944 1475 2989 τὴν
1497 2949 1663 2991 μίμησιν.

190 3012 216 3039 J.
236 3011 462 3043 sommerbrodt,
481 3013 628 3040 Seaenica.
1384 3018 1406 3051 S
