2014 3204
722 254 1031 298 -189—

113 375 280 418 Onom.
321 374 382 416 IV.
426 373 517 414 118.
576 374 827 425 γυναικείας
865 370 914 412 δὲ
944 370 1141 426 (σκευῆς)
1182 370 1337 426 συρτὸς
1366 370 1636 426 πορφυροῦς,

111 442 354 525 παραπηχυ
395 441 569 491 λευκὸν,
608 441 683 498 τῆς
726 436 1063 495 βασιλευούσης·
1119 440 1195 494 τῆς
1243 438 1293 480 δὲ
1342 438 1389 481 ἒν
1433 439 1642 495 συμφορᾷ

112 508 138 554 ὅ
166 510 247 567 μὲν
285 511 439 566 συρτὸς
476 509 622 566 μέλας,
662 507 710 550 τὸ
749 509 799 551 δὲ
844 507 1071 563 ἐπίβλημα
1134 506 1323 559 γλαυκὸν
1367 505 1393 562 ἢ
1445 503 1640 562 μήλινον.

110 583 380 623 Romanorum
443 585 574 620 autem
638 584 780 632 poetae
839 591 887 631 pl
890 590 1065 618 omiscue
1126 589 1189 617 eas
1251 576 1406 616 feminis
1470 576 1641 629 virisque

111 651 314 698 tribuunt,
358 649 478 689 veluti
514 649 733 688 luvenal.
778 648 916 688 satir.
969 646 1064 686 VIII.
1110 644 1205 685 229.
1251 645 1406 697 lonqum
1452 651 1494 685 tu
1541 657 1640 697 pone

122 719 298 772 Thyestae
318 730 448 770 syrma
476 716 536 757 vel
563 717 774 770 Antiqones,
805 729 870 758 seu
895 726 1100 769 personam
1129 712 1373 765 Melanippes.
1432 713 1640 754 Martial.

112 788 196 829 XII.
218 787 294 838 95.

268 889 271 894 .
305 854 515 896 Transtulit
545 854 595 894 ad
623 856 783 907 tr'aqicos
811 865 849 893 se
877 858 1010 893 nostra
1042 850 1177 891 Thalia
1207 851 1430 891 cothurnos:

310 923 457 976 Aptasti
485 922 636 975 longum
670 929 709 963 tu
741 934 882 976 quoque
912 933 1042 974 syrma
1073 920 1142 960 tibi
1157 917 1198 970 ¹).

227 991 340 1033 Aliud
372 991 623 1044 endymatum
646 990 884 1043 tragicorum
905 1001 1031 1041 genus
1063 993 1124 1028 est
1145 999 1297 1036 eorum,
1329 1000 1429 1040 quae
1455 992 1643 1027 vocantur

118 1057 304 1108 ξυστίδ
315 1059 430 1113 89²).
461 1059 516 1100 De
534 1071 611 1112 quo
628 1071 772 1112 genere
789 1059 1008 1099 rectissime
1025 1058 1177 1111 primus
1199 1057 1381 1097 iudicavit
1402 1056 1432 1096 Β
1445 1057 1587 1096 ecker
1599 1055 1643 1106 3).

115 1129 214 1170 Nam
245 1142 334 1170 cum
365 1128 496 1169 variae
526 1128 607 1168 sint
637 1128 983 1179 grammaticorum
1022 1125 1366 1179 interpretationes
1395 1125 1482 1178 plus
1511 1125 1644 1165 minus

116 1203 318 1239 accuratae
358 1197 445 1250 plus
486 1197 619 1237 minus
661 1196 854 1244 diversae,
900 1208 1069 1249 quorum
1110 1195 1174 1235 alii
1211 1207 1275 1235 eas
1316 1194 1451 1234 dieunt
1481 1193 1645 1245 tragicas

117 1270 264 1314 vestes,
303 1265 366 1306 alii
405 1265 594 1306 adiiciunt
636 1265 777 1305 talares
815 1278 878 1305 eas
910 1278 995 1305 esse
1026 1264 1194 1310 tunicas,
1233 1276 1377 1315 easque
1408 1262 1645 1302 feminarum

115 1334 295 1388 proprias
308 1334 354 1384 4),
396 1334 459 1374 alii
498 1334 645 1376 omissa
676 1333 713 1373 vi
751 1338 867 1385 atque
906 1337 1101 1385 potestate
1130 1332 1300 1384 tragicos
1329 1344 1444 1383 reges
1474 1330 1521 1370 iis
1551 1342 1645 1370 usos

120 1415 206 1444 esse
237 1407 419 1444 statuunt
437 1402 482 1454 ⁶),
515 1403 579 1443 alii
607 1408 748 1443 tenues
779 1402 970 1454 quasdam
998 1407 1128 1442 vestes
1155 1400 1209 1441 ita
1230 1399 1428 1440 nominari
1451 1399 1589 1439 volunt
1600 1398 1646 1449 6),

215 1614 243 1655 ¹)
265 1612 361 1656 Quod
385 1623 468 1647 vero
494 1612 655 1645 Becker
682 1611 872 1654 (Charikles
897 1610 935 1644 II.
962 1623 992 1677 p
1019 1611 1110 1654 328),
1130 1611 1213 1644 duce
1230 1610 1352 1643 Photio
1370 1608 1502 1651 (Lexic.
1520 1620 1550 1652 p
1569 1609 1646 1643 346

113 1653 396 1718 Ορθοστάδιοι·
433 1668 468 1703 οἱ
502 1670 626 1703 στατοὶ
658 1678 829 1714 χιτωνες·
861 1668 902 1702 οἱ
929 1666 1017 1715 γὰρ
1048 1663 1300 1715 συρόμενοι
1330 1667 1503 1714 συρτοί)
1536 1671 1648 1708 negat,

65 1764 71 1772 ⁸
119 1732 270 1772 syrmata
293 1728 378 1760 talia
403 1725 510 1759 fuisse
533 1726 752 1767 vestimenta,
778 1736 861 1769 quae
886 1736 946 1768 per
972 1725 1079 1758 solum
1104 1725 1334 1766 traherentur,
1359 1729 1476 1768 syrtos
1494 1729 1648 1757 statuens

120 1791 189 1818 tum
219 1786 349 1817 demum
381 1789 520 1817 vocatas
557 1793 632 1816 esse
663 1783 742 1816 illas
768 1783 900 1816 tunicas
925 1783 1070 1823 talares,
1097 1792 1169 1814 cum
1196 1782 1339 1814 nondum
1365 1786 1480 1815 essent
1503 1781 1648 1822 cinctae,

119 1843 154 1876 id
178 1853 218 1875 eo
242 1842 350 1883 magis
376 1841 527 1882 offendit,
552 1840 639 1883 quod
664 1840 736 1883 ipse
763 1841 894 1881 statuit,
919 1836 1171 1884 ὀρθοστάδιον
1195 1844 1324 1873 vestem
1350 1850 1415 1871 non
1440 1838 1578 1871 differre
1596 1838 1650 1871 vi-

121 1900 197 1932 deri
227 1900 268 1932 ab
294 1910 344 1940 ea,
374 1909 455 1941 quae
494 1901 636 1930 vocatur
674 1899 886 1944 συμμετρία,
923 1897 1124 1943 συμμετρία
1149 1900 1261 1928 autem
1285 1900 1403 1939 aperte
1426 1896 1489 1928 hac
1514 1895 1584 1938 ipsa
1611 1904 1648 1927 re

121 1957 330 1990 discernitur
355 1966 373 1988 a
398 1960 565 2000 syrmate,
602 1955 688 1997 quod
719 1959 770 1988 est
794 1954 909 1987 tunica
933 1954 1055 1986 talaris
1087 1954 1160 1986 sine
1186 1958 1336 1997 syrmate
1362 1953 1505 1997 Hesych.
1534 1950 1649 1996 συμζ-

121 2015 302 2060 μετρία,
329 2012 463 2056 ἔνδυμα.
486 2013 695 2056 γυναικεῖον
713 2010 882 2055 ποδῆρες,
908 2009 973 2043 οὐκ
996 2010 1083 2054 ἔχον
1099 2006 1230 2057 σύρμα.
1279 2010 1388 2043 Poll.
1416 2010 1552 2042 Onom.
1578 2008 1649 2042 VII.

122 2073 176 2105 54.
200 2071 262 2105 κάὶ
284 2068 305 2113 ἡ
330 2071 531 2116 συμμετρία
549 2066 665 2114 χιτών
689 2068 766 2102 ἐστι
790 2066 967 2115 ποδήρης,
992 2068 1026 2105 ἔς
1041 2079 1079 2102 τε
1095 2065 1177 2104 τοὺς
1200 2066 1452 2112 ἀστραγάλους
1468 2065 1650 2108 καθήκων.

123 2129 279 2170 Accedit,
304 2129 389 2171 quod
416 2128 445 2161 si
471 2128 538 2160 sibi
564 2131 775 2170 opponuntur
794 2137 866 2170 χιτ.
900 2119 1139 2172 ὂρθοστάδιοι
1164 2129 1198 2157 et
1222 2126 1356 2171 συρτοί,
1381 2129 1514 2167 syrtum
1538 2128 1651 2156 autem

123 2185 252 2219 indicat
281 2185 329 2218 ita
361 2185 566 2218 nominatum
597 2194 688 2225 esse,
728 2181 905 2226 antequam
931 2183 1063 2215 cinctus
1090 2186 1199 2223 esset,
1237 2182 1485 2215 orthostadium
1511 2190 1650 2214 necesse

124 2248 216 2277 esset
239 2242 431 2284 significare
456 2243 625 2275 chitonem
650 2242 746 2275 illum
772 2240 908 2281 cingulo
941 2240 1154 2273 instructum.
1204 2239 1265 2272 Cui
1302 2251 1422 2273 rursus
1448 2241 1653 2274 adversatur

123 2300 168 2342 id,
193 2300 278 2344 quod
303 2304 419 2343 aperte
445 2295 689 2344 ὀρθοστάδιος
713 2297 1015 2331 nominatur-Poll.
1039 2296 1096 2332 IV.
1121 2298 1165 2331 49
1190 2293 1209 2330 ὁ
1236 2295 1278 2330 οὐ
1305 2296 1536 2343 ζωννυμένος.

215 2356 241 2398 ²)
267 2355 316 2389 Cf.
345 2357 509 2389 Cramer
533 2355 731 2389 Anecdot.
757 2355 889 2388 Paris.
914 2356 936 2388 1.
962 2356 984 2388 l.
1010 2367 1040 2399 p.

215 2412 241 2455 ³)
268 2413 317 2447 Cf.
345 2413 527 2456 Becker,
551 2413 739 2446 Charikles.
764 2413 803 2446 T.
828 2412 867 2455 ΙΙ,
892 2424 922 2456 p.
949 2412 1025 2445 351.

214 2470 245 2513 ⁴)
268 2471 364 2504 Tim.
410 2470 551 2503 Lexic.
590 2469 757 2502 Platon.
795 2470 844 2502 ed.
878 2470 1051 2502 Ruhnken.
1079 2469 1251 2508 ξυστίδες·
1287 2464 1430 2514 ποδήρη
1461 2461 1654 2512 ἐνδύματα.

126 2529 371 2572 Harpocrat.
396 2538 427 2570 p.
457 2527 530 2559 134.
558 2527 693 2564 ξυστίς·
717 2524 922 2570 γυναικεῖόν
945 2538 979 2559 τι
992 2522 1136 2571 ’ἔνδυμα
1155 2526 1266 2560 ἐστιν.
1315 2526 1458 2558 Lexic.
1483 2525 1652 2558 Rhetor.

127 2589 246 2618 auctor
270 2585 305 2617 in
330 2584 416 2617 Tim.
443 2584 492 2617 ed.
520 2583 650 2616 Ruhuk.
676 2595 706 2626 p.
736 2584 808 2617 188.
836 2585 970 2622 ξυστις·
991 2581 1110 2628 χιτὼν
1135 2578 1299 2627 ποδήρης
1321 2585 1541 2626 γυναικεῖος·
1568 2582 1602 2615 οἱ
1618 2581 1656 2616 δὲ

126 2639 295 2688 τραγικὸν
330 2641 470 2686 ἔνδυμα
505 2641 837 2686 ἐσκευοποιηιιένον
871 2641 932 2674 καὶ
966 2640 1049 2684 ἕχον
1080 2636 1336 2687 ἐπιπόρπημα.
1365 2639 1532 2676 ..ἰδίως
1556 2636 1656 2672 δὲτὸ

127 2699 202 2733 τῶν
224 2697 417 2745 τραγῳδῶν
442 2697 588 2743 ἔνδυμα.

219 2755 250 2798 ⁵)
274 2756 412 2789 Schol.
440 2757 488 2788 ad
513 2756 729 2799 Aristoph.
754 2755 894 2789 Nubes
921 2757 975 2796 70,
994 2755 1161 2800 χρῶνται
1187 2753 1228 2788 δὲ
1258 2749 1359 2797 afim&
1382 2754 1442 2786 καὶ
1473 2753 1510 2786 οἱ
1533 2764 1655 2797 τραγι-

128 2813 188 2846 κοὶ
206 2813 377 2856 βασιλεῖς.

220 2868 249 2911 ⁶)
273 2870 413 2903 Lexic.
445 2870 617 2903 Rhetor.
653 2874 771 2903 auctor
803 2870 837 2902 in
867 2868 954 2903 Tim.
989 2869 1039 2902 ed.
1074 2868 1235 2902 Ruhnken
1262 2893 1268 2900 .
1298 2893 1305 2901 .
1332 2867 1369 2901 οἱ
1400 2866 1437 2902 δὲ
1462 2865 1499 2900 τὸ
1525 2866 1657 2902 λεπτὸν

130 2924 230 2973 παρὰ
254 2925 293 2960 τὸ
319 2922 482 2965 ξύεσθαι.
