2014 3204
1743 18 1748 20 ,
1799 0 2014 23 &affirm-*⁹³*

1828 31 1834 36 ι
1876 26 1908 41 n>
1942 28 1949 35 Δ,
1976 24 1982 41 ς
2005 38 2008 40 ,

921 273 974 277 Μ-
1043 248 1117 288 196
1177 271 1230 277 —--

328 362 545 413 Vestigium
579 362 728 402 indicat
759 363 835 402 dux
865 362 927 401 ille
961 376 1062 403 unus
1094 365 1271 404 omnium
1305 366 1472 406 maxime
1503 373 1543 406 et
1573 373 1788 420 perpetuus
1809 369 1849 408 in

322 442 365 469 re
386 430 561 470 saaenica
594 435 633 470 et
655 430 859 482 obscurus,
883 431 1033 472 Pollux.
1075 433 1210 473 Tradit
1240 434 1346 473 enim
1378 435 1626 475 Onom.1V.
1652 437 1744 477 115.
1775 437 1849 477 καὶ

320 498 375 538 τὰ
404 496 669 553 ὑποδήματα
699 498 913 554 κόθορνοι
944 499 1025 553 μὲν
1044 500 1099 540 τὰ
1118 501 1304 554 τραγικὰ
1325 502 1398 542 καὶ
1420 501 1628 555 ἐμβάδες·
1660 501 1848 557 ἐμβάται

320 566 369 607 δὲ
399 566 453 607 τά
484 565 669 621 κωμικά.
728 568 815 608 Vix
861 569 990 609 enim
1036 570 1241 610 dubium
1287 575 1358 618 est,
1406 571 1543 623 quin,
1587 577 1632 611 ut
1661 572 1746 624 ipsa
1776 585 1850 612 vox

320 636 447 683 docet,
479 634 713 690 ἐμβάται
734 638 809 677 vel
830 635 1113 690 §pvssdde;¹)
1138 638 1371 678 universi
1394 639 1848 680 calceamentorum

320 706 550 756 generis,
598 706 843 746 cothurni
887 705 1158 758 peculiaris
1191 706 1446 747 cuiusdam
1475 719 1650 749 nomen
1681 709 1848 748 conti-

319 778 488 813 neant.
549 773 646 813 Nam
693 774 866 826 primum
912 774 1070 826 quidem
1116 775 1323 815 manifeste
1369 776 1444 815 hoc
1488 781 1656 817 testatur
1687 776 1847 816 Schol.

319 841 517 882 Lucian.
550 842 691 894 epist.
723 842 923 882 Saturn.
963 855 995 881 c.
1031 841 1094 882 19.
1127 841 1381 896 ἐμβάται·
1412 844 1473 885 τὰ
1504 842 1663 895 ξύλα,
1696 841 1725 885 οἳ
1754 843 1849 899 ἐμ-

318 906 621 961 βάλλουσιν
650 906 754 951 ὑπὸ
775 909 894 958 τοὺς
915 907 1107 959 πόδας,
1141 914 1232 952 ἵνα
1255 914 1472 967 φανῶσι
1504 912 1846 968 μακρότεροι.

317 978 467 1019 Deinde
499 992 546 1020 eo
578 980 861 1026 confirmatur,
908 980 1014 1032 quod
1051 981 1155 1032 apud
1187 993 1326 1022 omnes
1357 995 1496 1034 prosae
1527 983 1716 1023 orationis
1747 983 1846 1023 scri-

316 1052 463 1100 ptores,
494 1048 562 1088 ubi
592 1048 640 1088 de
675 1048 913 1099 tragicorum
935 1048 1173 1088 histrionum
1198 1056 1341 1091 ornatu
1372 1052 1511 1103 agitur,
1543 1051 1744 1092 rarissime
1775 1065 1844 1092 co-

315 1116 452 1156 thurni
482 1116 752 1163 nominantur,
784 1129 943 1168 semper
972 1119 1054 1157 sere
1084 1115 1287 1170 ἐμβάται,
1328 1132 1633 1172 nonnunquam,
1665 1120 1732 1160 ubi
1778 1132 1847 1160 co-

317 1184 450 1225 thurni
479 1184 758 1231 inveniuntur,
795 1196 867 1235 pro
899 1185 1065 1225 embatis
1097 1186 1196 1226 male
1228 1186 1253 1226 ii
1285 1194 1379 1227 sunt
1408 1187 1565 1228 intrusi.
1626 1188 1746 1228 Cuius
1790 1188 1847 1228 rei

314 1253 410 1292 satis
456 1257 515 1294 est
557 1253 635 1293 hoc
678 1252 764 1293 loco
808 1265 931 1304 pauca
977 1254 1156 1294 attulisse
1194 1256 1383 1308 exempla.
1443 1256 1696 1296 Lucianus
1727 1256 1844 1296 Gall.

315 1334 347 1360 c.
379 1320 432 1362 26
464 1320 673 1361 ridiculum
705 1333 792 1360 esse
823 1321 916 1360 dicit
946 1320 1088 1373 ingens
1119 1322 1323 1364 histrionis
1354 1323 1490 1374 tragici
1520 1336 1677 1377 corpus,
1707 1325 1751 1364 in
1781 1325 1845 1365 ni-

312 1387 431 1429 miam
464 1389 662 1440 quandam
694 1388 1009 1440 magnitudinem
1040 1395 1222 1439 auctum,
1267 1392 1438 1432 maxime
1476 1393 1543 1433 ubi
1574 1394 1605 1433 is
1636 1393 1676 1432 in
1706 1405 1847 1433 scaena

312 1456 550 1509 prolabatur,
583 1457 635 1497 ita
667 1463 712 1497 ut
742 1457 853 1498 facile
883 1464 1066 1510 appareat
1101 1464 1140 1499 et
1169 1464 1391 1500 ceterarum
1413 1474 1545 1501 rerum
1568 1462 1698 1502 inanis
1719 1462 1847 1512 fulgor

315 1530 355 1564 et
400 1524 757 1566 calceamentorum
790 1525 1030 1572 deformitas,
1078 1540 1099 1567 a
1129 1527 1231 1568 iusta
1265 1541 1444 1568 mensura
1477 1529 1716 1570 abhorrens:
1761 1528 1847 1570 τῶν

312 1589 572 1644 ἐμβάδων
611 1591 689 1647 την
727 1590 944 1635 ὑπόδεσιν
985 1592 1297 1650 ἀμορφοτάτην
1336 1595 1410 1636 καὶ
1443 1591 1541 1646 ου’χὶ
1576 1595 1686 1636 κατὰ
1715 1594 1846 1647 λόγον

310 1660 388 1701 τοῦ
430 1656 588 1710 ποδός,
630 1662 697 1702 ubi
729 1662 806 1702 duo
839 1662 995 1704 codices
1029 1664 1166 1712 (Paris.
1198 1664 1305 1704 3011.
1341 1671 1380 1705 et
1410 1664 1663 1714 Gorlicensis)
1694 1664 1844 1705 habent

310 1725 549 1782 κοθόρνων.
593 1729 790 1770 Lucian.
821 1731 915 1771 lov.
955 1737 1029 1770 tra
1043 1731 1176 1783 goed.
1209 1732 1259 1771 41
1301 1732 1343 1771 in
1374 1733 1519 1783 tragico
1551 1738 1739 1785 apparatu
1769 1746 1844 1773 no-

311 1796 435 1837 minat
473 1827 481 1836 .
520 1828 528 1837 .
567 1827 576 1837 .
629 1797 703 1838 καὶ
750 1798 850 1847 τοὺς
900 1797 1145 1852 ἐμβάτας
1185 1799 1441 1847 (Gorliccnsis
1471 1799 1572 1847 τοὺς
1611 1798 1842 1853 ἐμβάδας).

313 1864 523 1907 Lucian.
555 1867 800 1920 quomodo
831 1867 1052 1908 historia
1083 1868 1151 1907 sit
1183 1869 1552 1909 conscribenda
1573 1882 1606 1909 c.
1637 1868 1704 1909 22.
1737 1865 1847 1909 ὥστε

310 1931 359 1973 τὸ
401 1934 585 1988 πρᾶγμα
624 1933 769 1982 ἐοικὸς
810 1935 926 1975 εἶναι
967 1934 1178 1990 τραγῳδῷ
1217 1933 1295 1976 τὸν
1336 1937 1481 1990 ἕτερον
1516 1935 1596 1990 μὲν
1624 1934 1746 1978 πόδα
1775 1931 1844 1977 ἐπ’

309 2001 549 2055 ἐμβάτου
591 2000 809 2058 ὑψηλοῦ
849 2002 1128 2058 ἐμβεβηκότι,
1169 2001 1344 2058 θατέρῳ
1382 2003 1430 2044 δέ
1471 2002 1693 2046 σάνδαλον
1731 2002 1844 2047 ὑπο-

310 2068 543 2127 δεδεμένῳ.
603 2072 768 2113 Liban.
804 2086 836 2112 c.
868 2072 1076 2112 Aristid.
1109 2072 1163 2111 de
1195 2073 1368 2112 saltat.
1401 2073 1460 2112 ed.
1492 2073 1635 2113 Reiske
1675 2074 1746 2114 vol.
1780 2074 1843 2114 111.

309 2151 346 2189 p.
380 2137 475 2178 385.
506 2138 758 2193 τραγῳδοὺς
801 2139 850 2180 δὲ
891 2147 1017 2181 ποιεῖ
1051 2142 1363 2195 βραχυτέρους·
1405 2139 1649 2195 ἐπειδήπερ
1682 2139 1845 2194 ἐμβά-

307 2221 401 2254 τας
440 2203 680 2260 ἀναβάντες
720 2206 1048 2263 ἐμηχανήσαντο
1075 2208 1176 2256 τούς
1204 2206 1363 2256 ἄλλους
1391 2203 1663 2263 ὑπεραίρειν.
1696 2210 1842 2250 Bekk.

309 2274 474 2314 Anecd
489 2280 549 2314 ot.
571 2289 610 2328 p.
633 2276 728 2316 746.
771 2274 1129 2331 ἐπιδεικνύμενοι
1163 2275 1212 2317 δὲ
1242 2275 1303 2326 (οἱ
1330 2277 1545 2332 τραγικοὶ)
1577 2277 1660 2317 τῶν
1689 2273 1843 2332 ἡρώων

309 2339 470 2383 ὡσανεὶ
511 2343 566 2383 τὰ
602 2341 747 2386 αὐτῶν
786 2344 1041 2399 πρόσωπα,
1098 2345 1274 2399 πρῶτον
1320 2344 1401 2399 μὲν
1440 2343 1700 2397 ἐπελέγοντο
1755 2344 1844 2386 ἄν·

308 2409 440 2465 δρας
477 2410 601 2459 τοὺς
640 2411 875 2466 μείζονα
915 2413 1090 2467 φωνην
1131 2413 1373 2465 ἔχοντας,
1416 2411 1618 2468 δεύτερον
1657 2413 1707 2454 δὲ
1737 2416 1843 2466 βουἤ

307 2476 488 2532 λόμενοι
524 2479 598 2520 καὶ
628 2480 684 2520 τά
719 2480 902 2535 στόματα
931 2479 1148 2523 δεικνύειν
1176 2479 1343 2537 ἡρωῒκα
1382 2480 1624 2536 ἐμβάδας
1654 2476 1844 2535 ἐφόρουν

402 2607 428 2650 ¹)
453 2608 654 2642 Omittamus
679 2609 740 2641 hoc
765 2608 842 2641 loco
875 2609 1084 2650 discernere,
1118 2620 1200 2652 quac
1226 2610 1273 2642 sit
1296 2603 1468 2654 ἐμβάδων
1491 2614 1526 2642 et
1553 2607 1719 2653 ἐμβατῶν
1743 2607 1840 2640 diffe-
1879 2633 1882 2635 Α

308 2666 431 2698 remia.
479 2665 563 2698 Nam
589 2663 746 2710 ἐμβάτας
770 2666 973 2699 comicorum
998 2663 1157 2710 ἐμβάδας
1183 2668 1391 2710 tragicorum
1422 2666 1625 2699 histrionum
1651 2664 1778 2706 fuisse,
1804 2669 1842 2697 ut

308 2723 434 2756 Pollux
463 2728 497 2755 et
522 2723 582 2755 alii
608 2727 775 2764 statuunt,
799 2723 857 2755 vel
882 2718 1043 2766 ἐμβάδας
1060 2724 1275 2766 comicorum,
1300 2719 1455 2768 ἐμβάτας
1470 2723 1679 2765 tragicorum
1696 2727 1735 2755 ut
1750 2722 1843 2754 Am-

307 2780 470 2812 monius
497 2780 572 2813 vult
596 2791 628 2823 p.
654 2780 698 2812 49
724 2774 903 2824 (ἔμβάδες)
929 2780 989 2813 καὶ
1013 2779 1146 2824 ἕμβατα
1173 2782 1273 2823 (legd.
1292 2776 1459 2825 ἐμβάται)
1478 2779 1664 2827 διαφέρει·
1690 2774 1844 2824 ἒμβάδες

306 2836 375 2881 μὲν
398 2835 468 2882 γὰρ
493 2837 553 2870 καὶ
577 2834 622 2869 τὰ
648 2834 788 2881 κωμικὰ
817 2833 1048 2883 ὑποδήματα,
1073 2832 1211 2882 ἕμβιὶτα
1228 2831 1407 2883 (ἐμβάται)
1434 2836 1475 2871 δὲ
1492 2835 1534 2871 τὰ
1554 2834 1720 2885 τραγικά,
1747 2847 1842 2869 nemo

309 2895 482 2937 quisquam
509 2895 589 2927 mihi
615 2895 842 2937 persuadebit.
