2014 3204
772 272 1053 312 —31—

152 397 267 442 ’σμος
296 386 428 428 ἔθετο
451 384 736 441 Ἀλκιβιάδης
764 388 917 441 μηκέτι
943 387 1140 441 φανερῶς
1161 384 1273 427 ἀλλὰ
1293 387 1572 441 συμβολικῶς
1597 403 1683 428 κω-

153 452 376 510 μῳδεῒν.1)

210 540 214 542 f
267 522 343 562 Sed
371 523 470 563 haec
497 523 698 563 hactenus.
755 522 838 562 Iam
867 534 961 562 vero
992 522 1108 562 latius
1151 528 1288 574 patere
1333 524 1459 575 coepit
1488 525 1682 575 thymelae

154 588 400 642 significatio,
431 595 477 631 ut
505 591 590 631 fere
619 591 781 631 omnino
812 591 1079 630 obsolesceret
1107 590 1291 642 primaria
1323 592 1427 630 vocis
1462 592 1520 631 vis
1564 597 1683 644 atque

154 663 343 710 potestas.
392 659 574 711 Neglecta
603 660 708 699 enim
738 671 827 699 arae
848 659 1146 710 significatione,
1176 659 1358 711 thymele,
1388 660 1494 711 quod
1525 672 1590 700 ara
1620 660 1682 700 illa

153 727 340 779 princeps
373 733 457 767 erat
487 728 710 767 orchestrae
740 728 870 775 locus,
900 740 974 779 pro
1004 727 1090 780 ipsa
1120 727 1321 767 orchestra
1365 727 1467 767 dicta
1509 734 1589 775 est3
1629 729 1682 768 ita

153 800 201 843 utj.
229 795 455 848 quicunque
483 796 524 835 in
557 795 758 835 orchestra
789 795 1052 835 versabantur
1100 796 1335 841 choreutae,
1365 795 1559 843 tibicines,
1592 808 1682 835 cum

154 852 453 915 opponerentur
482 864 691 910 actoribus,
721 876 889 916 quorum
920 869 1006 903 erat
1034 876 1189 909 scaena,
1204 862 1404 914 thymelici
1434 863 1515 902 sint
1544 863 1681 916 appel—

153 931 236 971 lati.
294 931 424 972 Testis
459 938 522 972 est
552 932 813 972 Vitruvius
843 932 888 971 V.
921 933 946 971 7
994 931 1126 982 (vulgo
1157 931 1199 981 8)
1246 931 1307 970 ed.
1338 930 1570 978 Schneider,
1615 932 1683 983 qui

152 1011 244 1041 cum
274 999 460 1052 loquatur
488 1000 537 1040 de
567 1000 806 1047 discrimine,
838 1000 944 1052 quod
976 999 1083 1039 inter
1110 1000 1310 1039 theatrum
1341 998 1615 1039 Romanorum
1645 1005 1708 1055 et,

153 1065 392 1107 Graecorum
422 1067 656 1115 intercedat,
685 1068 742 1108 sic
770 1081 856 1110 rem
888 1067 1074 1108 absolvit:
1122 1068 1204 1113 „Ita
1226 1080 1247 1106 a
1278 1066 1404 1106 tribus
1434 1068 1582 1107 centris
1611 1067 1684 1107 hac

154 1135 419 1188 descriptione
468 1137 700 1189 ampliorem
753 1137 900 1176 habent
945 1137 1187 1176 orchestram
1234 1135 1371 1174 Graeci
1416 1141 1456 1174 et
1499 1147 1682 1175 scaenam

151 1204 414 1244 recessiorem
476 1205 710 1258 minoreque
775 1204 986 1245 latitudine
1049 1204 1270 1256 pulpitum,
1335 1204 1442 1255 quod
1505 1202 1683 1253 λογεῖον

154 1273 371 1324 appellant,
424 1273 512 1312 ideo
563 1275 667 1325 quod
723 1273 827 1325 apud
879 1284 946 1311 eos
991 1271 1127 1323 tragici
1178 1277 1217 1310 et
1261 1271 1399 1310 comici
1444 1276 1596 1311 actores
1642 1273 1682 1311 in

154 1349 295 1378 scaena
339 1343 555 1390 peragunt,
608 1339 747 1392 reliqui
792 1345 923 1380 autem
969 1340 1138 1379 artifices
1190 1352 1282 1379 suas
1324 1352 1397 1391 per
1441 1340 1681 1380 orchestram

153 1411 357 1458 praestant
406 1407 593 1446 actiones.
652 1407 827 1460 Itaque
873 1420 926 1447 ex
971 1420 1025 1446 eo
1070 1407 1293 1447 scaenici
1337 1414 1384 1447 et
1421 1408 1683 1460 thymelici

153 1485 336 1526 graece
365 1475 639 1526 separatim
670 1475 1052 1522 nominantur2).

196 1529 198 1531 ’
263 1541 375 1581 Idem
419 1542 632 1582 discrimen
676 1544 988 1595 deprehenditur
1032 1544 1075 1582 in
1123 1542 1314 1582 Anthol.
1362 1541 1566 1581 Palatin.
1614 1542 1682 1580 ed.

155 1610 333 1650 Jacobs
363 1611 407 1649 T.
438 1610 465 1649 1.
497 1623 535 1662 p.
568 1610 650 1650 312
680 1611 753 1651 No.
785 1611 852 1651 21.
1348 1607 1350 1609 ’

268 1676 347 1719 τὸν
376 1676 426 1718 σὲ
454 1684 605 1732 χοροῖς
634 1678 868 1734 μέλψαντα
897 1677 1146 1733 Σοφοκλέα,
1179 1678 1326 1719 παῖδα
1355 1676 1564 1732 Σοφίλου,

404 1744 482 1786 τὸν
508 1747 717 1802 τραγικῆς
750 1745 936 1801 Μούσης
966 1744 1128 1800 ἆστέρα
1162 1744 1429 1799 Κεκρόπιον,

270 1812 485 1861 πολλάκις
515 1813 568 1855 ἐν
596 1814 867 1869 θυμέλῃσι
898 1815 971 1855 καὶ
1001 1814 1049 1861 ἐν
1079 1815 1303 1872 σκηνῇσι
1334 1813 1533 1869 τεθηλώς

403 1880 590 1934 βλαισός
613 1879 868 1937 Ἀχαρνίτης
897 1882 1051 1931 κισσὸς
1079 1878 1213 1937 ἕρεψε
1242 1881 1390 1937 κόμην,

270 1947 435 2004 τύμβος
466 1948 568 2000 ἔχει,
599 1949 676 1989 καὶ
705 1949 784 2004 γῆς
812 1947 965 2001 ὀλίγον
994 1952 1144 2004 μέρος·
1176 1945 1269 1990 ἀλλ’
1299 1948 1323 1991 ὁ
1355 1950 1566 2005 περισσὸς

407 2016 519 2058 αἰών
548 2015 800 2065 ἀθανάτοις
830 2017 1031 2071 δέρκεται
1061 2018 1108 2058 ἐν
1138 2014 1323 2059 σελίσιν.

269 2086 449 2139 Denique
478 2086 659 2126 eiusdem
688 2086 984 2138 significationis
1014 2087 1225 2138 exemplun
1256 2087 1480 2138 suppeditat
1507 2087 1684 2126 Athen.

155 2153 254 2193 XIV.
285 2166 322 2205 p.
355 2153 448 2194 617.
488 2168 536 2202 c.‚
568 2155 635 2207 qui
666 2158 933 2210 fragmentum
964 2155 1132 2195 servavit
1176 2155 1338 2195 alicuius
1382 2155 1567 2194 carminis
1612 2156 1684 2207 hy-

155 2221 437 2273 porcbematici
467 2235 489 2262 a
520 2223 680 2263 Pratina
710 2224 941 2276 compositi:

274 2291 353 2337 Τίς
383 2284 407 2330 ὅ
438 2288 636 2345 θόρυβος
668 2287 769 2341 ὅδες
799 2293 843 2331 τί
872 2288 977 2331 τάδε
1008 2289 1062 2331 τὰ
1092 2288 1364 2344 χορείματας

242 2353 372 2405 μΤίς
400 2355 557 2413 ὕβρις
587 2358 787 2412 ἔμολεν
818 2358 910 2399 ἐπὶ
943 2358 1289 2400 Διονυσιάδα
1320 2356 1572 2399 πολυπά-

1127 2441 1264 2477 ταγα
1292 2425 1570 2479 θυμέλανς

251 2576 277 2618 ¹)
303 2574 364 2618 [cf.
392 2577 555 2620 Hesych.:
613 2577 802 2623 Γλυκερῷ
839 2575 1075 2620 Σιδωνίῳ·
1112 2576 1239 2621 δρᾶμα
1273 2575 1317 2610 δέ
1337 2575 1450 2618 ἐστιν,
1485 2576 1525 2609 ἐν
1560 2568 1590 2619 ᾧ
1625 2577 1687 2618 τῆς

156 2634 350 2677 θυμέλης
373 2631 521 2679 ἄρχεται
548 2629 669 2674 οὕτως,
693 2630 896 2674 ,,Σιὸἰύνιον
919 2630 1009 2666 ἄστυ
1032 2632 1219 2670 hmine&
1243 2646 1274 2666 κ.
1299 2646 1327 2666 τ.
1352 2635 1383 2666 λ.
1409 2634 1465 2666 ubi
1480 2634 1618 2677 θυμέλη
1636 2634 1686 2666 uti

156 2694 251 2722 recte
285 2690 414 2724 iudicat
438 2690 594 2723 Meineke
631 2689 751 2732 fragm.
788 2701 871 2723 com.
906 2690 1026 2723 Graec.
1051 2691 1090 2724 T.
1116 2690 1153 2723 Il.
1178 2701 1209 2733 p.
1238 2691 1325 2722 1209
1357 2691 1398 2722 de
1429 2690 1524 2722 chori
1560 2689 1686 2732 paredo

158 2746 285 2780 dictum
309 2749 385 2788 est]

248 2803 278 2845 ²)
313 2803 363 2838 Cf.
399 2803 564 2845 Toelken,
600 2804 821 2837 Preussische
856 2804 1113 2845 staatszeitung
1151 2804 1235 2837 1841
1273 2803 1337 2836 No.
1373 2804 1450 2836 308.
1498 2803 1609 2836 Ueber
1633 2803 1687 2835 die

156 2860 333 2903 Eingiinge
369 2872 411 2894 zu
446 2862 518 2894 dem
554 2862 776 2894 Proskenium
812 2862 880 2893 und
917 2861 978 2893 der
1006 2861 1191 2893 Orchestra
1227 2861 1286 2893 des
1321 2861 1414 2893 alten
1449 2860 1683 2901 griechischen

157 2915 335 2950 Theaters.

1803 0 1806 2 ⁷
1866 0 2014 18 1'*‘IQW*R
