2014 3204
915 218 1224 259 —180—

306 337 384 377 VH.
431 335 603 383 Orestes,
635 334 817 383 Minerva,
851 334 1001 374 Chorus
1032 347 1067 375 ν.
1101 332 1324 375 375-467
1353 363 1362 372 .
1428 363 1436 372 .
1498 363 1506 372 .
1567 332 1606 372 2.

307 405 402 445 vm.
435 405 592 445 Orestes
624 401 783 456 (tacet),
815 403 966 443 Chorus
997 415 1032 442 v.
1064 401 1202 443 468-
1207 401 1287 443 535
1349 432 1359 441 .
1421 431 1431 441 .
1492 431 1501 440 .
1565 401 1584 440 1
1619 397 1776 454 (tacet).

309 473 374 514 IX
437 473 613 521 Orestes,
646 471 833 520 Minerva,
866 471 1018 512 Chorus
1049 485 1083 511 v.
1116 470 1339 512 536—543
1429 500 1438 509 .
1499 501 1508 509 .
1568 469 1607 509 2.

308 540 355 580 Χ.
434 541 608 588 Orestes,
638 539 823 589 Minerva,
857 539 1005 593 Apono,
1038 539 1190 580 Chorus
1219 553 1254 579 v.
1287 538 1510 579 544-723
1573 537 1610 577 3

310 608 374 649 XI.
431 608 602 657 Orestes,
634 609 822 656 Minerva,
855 608 1005 649 Chorus
1035 621 1071 647 v.
1103 607 1367 648 724—747.
1429 637 1437 646 .
1499 636 1509 645 .
1569 606 1609 645 2.

308 677 392 718 ΧΠ.
432 677 617 726 Minerva,
651 678 802 719 Chorus
835 691 868 717 v.
902 674 1125 717 748-986
1221 705 1510 715 .....
1573 675 1608 714 1.

309 745 409 786 XIII.
443 746 595 788 Chorus
625 758 660 786 v
692 746 773 787 987
809 758 932 799 usque
962 746 1009 785 ad
1040 745 1582 785 finem..

424 815 561 868 Itaque
593 827 642 856 ne
672 814 744 855 hac
774 815 932 868 quidem
964 815 1005 855 in
1035 813 1234 866 tragoedia
1263 812 1352 865 plus
1384 810 1505 852 semel
1525 815 1607 851 tres
1627 810 1838 851 histriones

311 884 352 923 in
385 896 526 924 scaena
558 885 767 936 loquentes
797 884 1054 924 inducuntur.

425 952 574 1000 Restat,
606 957 650 992 ut
672 952 719 992 de
750 952 879 1005 aliquo
911 951 1135 992 Pollucis
1167 951 1252 991 loco
1284 949 1531 1002 explicemUS‚
1563 948 1630 1001 qui
1661 948 1708 989 ad
1738 947 1841 988 hanc

315 1025 493 1061 nostram
526 1020 731 1062 Oresteam
774 1026 958 1074 spectans
988 1020 1163 1061 virorum
1195 1019 1402 1060 doctorum
1435 1016 1705 1058 contentiones
1737 1016 1840 1058 exci-

314 1088 423 1129 tavit.
483 1087 555 1128 Est
585 1094 715 1129 autem
747 1089 804 1137 is,
846 1089 893 1129 de
932 1102 1009 1142 quo
1047 1090 1124 1129 iam
1163 1093 1277 1129 antea
1315 1087 1462 1127 dictum
1505 1090 1564 1126 est
1593 1084 1662 1136 IV,
1703 1084 1843 1135 110¹),

317 1157 428 1197 cuius
449 1157 660 1209 postremis
690 1157 821 1197 verbis
853 1156 892 1196 εἰ
922 1155 971 1197 δὲ
1001 1157 1202 1211 τέταρτος
1232 1152 1469 1210 ὑποκριτής
1498 1170 1540 1195 τι
1572 1155 1843 1209 παραφθέγ-

316 1222 466 1273 ξαιτο,
519 1226 646 1266 τοῦτο
694 1224 1046 1280 παραχορήγημα
1101 1223 1298 1265 ἐκαλεῖτο
1343 1224 1541 1264 adduntur
1584 1224 1701 1264 haec:
1753 1222 1843 1264 καὶ

315 1292 645 1346 πεπρᾶχθαί
682 1304 855 1347 φασιν
902 1289 1034 1334 αὐτὸ
1073 1290 1125 1333 ἓν
1157 1288 1510 1347 Ἀγαμέμνονι
1554 1289 1843 1346 Αἰσχύλου.

317 1361 365 1400 Et
414 1361 461 1400 de
505 1362 874 1415 parachoregemate
930 1362 1024 1415 quid
1069 1362 1282 1410 sentirem,
1333 1373 1449 1415 supra
1506 1367 1566 1401 est
1611 1359 1843 1414 expositum.

317 1430 431 1469 Nunc
461 1429 554 1469 illud
587 1435 768 1484 superest
798 1436 841 1470 ut
871 1431 1162 1479 discernamus,
1201 1431 1248 1471 de
1281 1441 1355 1483 qua
1385 1429 1564 1482 trilogiae
1603 1433 1714 1482 parte
1753 1427 1843 1467 Pol-

315 1498 384 1538 lux
426 1497 663 1549 cogitaverit.
736 1499 832 1539 Nam
874 1499 914 1539 in
954 1499 1290 1550 Agamemnonem
1328 1498 1423 1538 illud
1463 1509 1544 1538 non
1581 1496 1737 1544 cadere,
1775 1495 1845 1536 sed

319 1566 629 1618 Agamemnonis
672 1578 822 1607 nomen
863 1579 935 1620 pro
973 1567 1135 1608 Orestea
1168 1579 1256 1608 esse
1295 1566 1481 1621 positum,
1517 1565 1750 1619 iampridem
1787 1569 1846 1606 est

317 1634 574 1675 intellectum.
634 1635 717 1675 Iam
755 1647 847 1675 vero
887 1635 928 1675 in
961 1635 1200 1690 Choephoris
1240 1647 1336 1677 num
1380 1640 1550 1689 quatuor
1586 1634 1627 1674 in
1664 1646 1845 1675 scaenam

318 1715 398 1744 una
429 1703 624 1757 prodiisse
657 1709 809 1744 actores
839 1705 1059 1757 putandum
1093 1704 1182 1746 est?
1219 1704 1262 1744 In
1302 1717 1345 1745 ea
1376 1708 1500 1751 certe,
1539 1715 1639 1754 quae
1679 1715 1701 1743 a
1731 1701 1846 1743 nobis

317 1773 518 1825 proposita
549 1778 619 1822 est,
650 1773 782 1814 tabula
804 1785 1010 1826 nunquam
1032 1779 1217 1827 quattuor
1249 1772 1367 1813 simul
1396 1771 1655 1812 inveniuntur
1683 1775 1844 1812 actores.

320 1841 394 1880 Sed
432 1846 567 1882 tamen
605 1847 643 1882 et
673 1842 809 1883 Pollux
848 1843 895 1882 de
927 1842 1171 1896 Choephoris
1203 1841 1360 1881 videtur
1391 1840 1599 1892 cogitasse,
1644 1845 1683 1881 et
1721 1853 1741 1879 e
1774 1851 1846 1880 no-

320 1909 411 1949 stris
447 1921 529 1950 non
570 1910 682 1962 pauci
723 1923 815 1951 eum
855 1917 961 1952 recte
996 1913 1049 1952 ita
1095 1909 1282 1951 statuisse
1325 1913 1582 1950 censuerunt.
1649 1909 1849 1962 Ncgarunt

323 1978 451 2025 enim,
497 1990 587 2018 cum
626 1992 763 2020 servus
802 1980 1021 2020 discederet
1066 1992 1101 2018 v.
1147 1977 1249 2026 873,
1294 1982 1480 2018 manente
1527 1976 1848 2030 Clytaemnestra,

325 2057 496 2098 cumque
542 2047 657 2099 paulo
702 2052 793 2100 post
836 2060 871 2088 v.
909 2047 990 2089 878
1030 2048 1191 2088 Orestes
1230 2052 1268 2086 et
1305 2046 1465 2098 Pylades
1504 2044 1727 2098 prodirent,
1763 2045 1850 2085 fieri

324 2114 514 2165 potuisse,
545 2120 589 2155 ut
620 2115 671 2167 is,
713 2116 779 2168 qui
811 2117 913 2156 servi
944 2115 1146 2157 habuisset
1175 2120 1323 2169 parteS,
1353 2114 1459 2155 idem
1489 2114 1642 2167 Pyladis
1671 2113 1850 2166 suscipe—

321 2186 406 2230 ret3
437 2182 555 2222 nimis
588 2184 692 2224 enim
725 2196 889 2236 parvum
921 2185 1112 2237 temporis
1144 2184 1317 2237 spatium
1347 2183 1611 2229 intercedere,
1649 2193 1767 2234 quam
1805 2186 1850 2221 ut

323 2253 361 2291 et
400 2256 547 2290 vestem
591 2257 629 2291 et
666 2265 879 2304 personam
909 2259 1100 2302 mutaret3
1146 2258 1387 2305 quapropter
1417 2256 1604 2304 quattuor
1632 2249 1848 2300 histriones

324 2315 516 2358 adhibitos
548 2330 649 2366 esse,
682 2321 890 2374 quartique
912 2322 995 2361 illas
1024 2326 1156 2374 partes
1187 2325 1294 2361 recte
1324 2320 1455 2360 vocari
1485 2316 1848 2373 παραχορήγημα.

324 2383 668 2431 Quemadmodum
699 2401 791 2429 vero
825 2389 981 2429 Schol.
1014 2389 1067 2429 ad
1099 2389 1270 2430 Aesch.
1303 2388 1583 2442 Choephor.
1614 2401 1651 2427 v.
1677 2387 1758 2428 900
1788 2387 1851 2428 iu-

324 2452 425 2492 dicat
470 2453 617 2494 factum
665 2468 769 2504 esse,
813 2454 1153 2510 μετεσκεύασται
1191 2454 1217 2497 ὁ
1258 2452 1488 2508 ἓξάγγελος
1526 2450 1587 2504 εἷς
1629 2452 1849 2510 Πυλάδην,

326 2523 399 2561 ἵνα
435 2520 494 2575 μὴ
537 2517 576 2561 δ’
618 2521 806 2574 λέγωσι,
852 2525 908 2565 sic
945 2538 993 2565 ex
1029 2525 1114 2577 ipsa
1155 2525 1330 2578 quinque
1367 2525 1524 2566 illorum
1567 2537 1754 2565 versuum
1800 2527 1851 2572 (v.

326 2587 537 2639 873—78)
571 2597 713 2633 natura
750 2593 980 2645 colligimus,
1023 2593 1155 2633 minus
1185 2594 1387 2633 difficilem
1425 2593 1541 2633 fuisse
1577 2593 1693 2633 talem
1734 2593 1852 2634 vestis

326 2668 602 2717 personaeque
634 2660 910 2707 mutationem,
943 2674 1059 2713 quam
1091 2661 1204 2712 vulgo
1235 2662 1424 2702 videatur.
1485 2661 1641 2708 Quanta
1674 2660 1781 2701 enim
1812 2661 1853 2700 in

324 2724 385 2765 his
416 2726 549 2776 paucis
580 2727 709 2768 verbis
740 2729 846 2769 inest
876 2728 1066 2781 gravitas!
1109 2736 1281 2781 quantus
1320 2730 1451 2778 dolor,
1489 2735 1660 2781 quantus
1698 2729 1851 2776 horror,

421 2874 445 2915 ¹)
471 2875 519 2908 cr.
546 2887 579 2918 p.
610 2877 682 2910 173.
