2014 3204
926 250 980 255 --
1040 225 1208 264 30.-

299 344 406 382 Jovis
438 343 571 388 fuisse,
618 347 701 381 tum
733 340 876 380 tumuli
906 346 991 379 tum
1024 340 1139 380 aliam
1171 341 1373 393 quandam
1417 341 1587 392 speciem
1630 342 1830 390 habuisse,

300 411 367 450 sed
401 411 469 450 ubi
489 422 554 448 ara
577 421 675 460 opus
698 413 814 455 esset,
837 408 885 447 de
906 408 991 448 aliis
1013 408 1247 459 quibusdam
1271 408 1523 459 cogitandum
1546 422 1644 456 esse,
1675 422 1749 462 pro
1771 424 1830 460 ea,

301 491 400 530 quae
423 477 635 528 flagitatur,
658 488 822 516 scaenae
847 477 1154 527 orchestraeque
1185 476 1505 516 conformatione
1534 484 1602 517 aut
1624 479 1664 517 in
1689 491 1831 519 scaena

302 552 369 585 aut
397 546 438 585 in
467 546 668 585 orchestra
690 544 841 596 positis.
889 545 939 583 At
970 550 1106 583 contra
1127 544 1168 583 in
1190 545 1392 584 comoedia
1423 544 1542 596 idque
1571 545 1612 584 in
1651 546 1832 598 parabasi

305 614 578 666 potissimum,
611 613 668 662 (in
701 625 775 664 qua
807 617 936 664 poeta,
969 613 1143 664 neglecta
1174 613 1256 652 fere
1302 612 1452 659 sabula,
1498 625 1588 652 suas
1630 625 1696 653 res
1741 626 1831 654 cum

300 682 590 734 spectatoribus
622 680 793 731 agebat),
837 681 999 720 chorum
1032 681 1078 720 ad
1109 681 1331 733 thymelen,
1361 687 1474 721 vetus
1505 680 1599 721 illud
1628 681 1832 732 religionis

300 755 618 796 monumentum,
648 748 871 795 accessisse,
902 762 993 788 eum
1016 762 1062 788 ex
1093 762 1152 797 eo,
1184 763 1299 801 quem
1325 750 1446 797 attuli,
1477 749 1711 788 scholiastae
1731 749 1830 795 loco,

298 824 384 858 tum
416 832 463 858 ex
494 817 718 857 Crameri
764 816 1005 867 intellegitur
1035 817 1215 856 Anecd.
1248 817 1521 856 Parisiens.
1551 818 1624 856 vol.
1661 817 1690 856 I.
1721 829 1759 869 p.
1790 817 1828 855 7.

297 887 454 926 Etenim
486 885 719 932 Alcibiades,
753 898 842 924 cum
875 884 1125 924 acerbissime
1157 885 1373 936 exagitatus
1419 891 1526 924 esset
1561 885 1608 924 ab
1638 885 1829 937 Eupolide

299 955 526 1006 militesque
549 954 728 993 iussisset
758 966 847 993 eum
866 953 1065 1004 corripere
1095 958 1212 1004 atque
1244 953 1340 992 mari
1362 953 1604 1004 aliquantum
1635 953 1828 1005 temporis

296 1025 531 1063 immersum
561 1028 722 1062 tenere:
774 1023 861 1072 „Tu
894 1021 1096 1073 quidem“,
1128 1021 1270 1072 inquit,
1301 1021 1498 1072 „thymele
1529 1034 1592 1060 me
1623 1020 1828 1073 immerge,

298 1105 369 1142 ego
400 1097 439 1131 te
468 1091 511 1130 in
540 1091 640 1130 mari
673 1090 965 1130 madefaciam.“

412 1157 556 1212 βάπτε
592 1174 646 1212 με
678 1157 731 1198 σὺ
762 1156 997 1211 θυμέλαις,
1034 1155 1116 1207 ἐγώ
1149 1155 1199 1196 δέ
1236 1167 1285 1196 σε
1323 1153 1536 1210 ἁλμυροῖς
1574 1153 1709 1198 ὕδασι
1748 1171 1828 1197 κα-

409 1225 661 1276 τακλύσω.1)

297 1296 446 1346 Nempe
483 1293 678 1347 θυμέλαι
721 1295 845 1333 dictae
890 1299 984 1333 sunt
1028 1306 1099 1346 pro
1137 1294 1267 1333 choris
1305 1293 1485 1339 comicis,
1524 1294 1590 1345 qui
1636 1293 1826 1346 parahasi,

297 1363 482 1414 primaria
515 1362 701 1413 antiquae
732 1362 957 1401 comoediae
988 1367 1111 1414 parte,
1143 1363 1189 1401 ad
1221 1374 1326 1401 aram
1348 1362 1552 1409 saltantes,
1582 1362 1827 1413 perstringe-

296 1432 392 1470 bant
422 1430 591 1469 maxime
621 1443 701 1476 eos,
733 1431 798 1482 qui
820 1431 861 1470 in
887 1443 930 1470 re
962 1430 1114 1482 publica
1136 1430 1264 1481 poetis
1286 1430 1386 1470 male
1408 1429 1641 1470 videbantur
1666 1429 1826 1470 versari.

411 1499 489 1538 Sed
520 1500 628 1538 iuvat
648 1504 778 1538 totum
810 1498 916 1538 hunc
946 1499 1073 1537 locum
1106 1498 1326 1537 describere
1357 1499 1403 1537 ad
1434 1498 1704 1537 illustrandam
1727 1510 1826 1546 eam,

297 1580 396 1619 quae
434 1572 495 1606 est
533 1567 581 1605 de
611 1567 814 1618 Eupolidis
856 1572 1003 1614 morte,
1049 1567 1318 1606 narrationem
1364 1566 1542 1617 apprime
1587 1565 1825 1618 appositum.

300 1634 471 1688 Επειδὴ
503 1634 553 1675 δὲ
583 1631 712 1681 αὐτὸς
740 1631 969 1684 (Εὔπολις)
1001 1634 1064 1681 εἷς
1078 1631 1363 1686 Ἀλκιβιάδην
1392 1630 1572 1687 ὕβρισεν
1603 1631 1709 1674 ὄντα
1728 1631 1826 1674 τότε

297 1702 553 1758 στρατηγὸν,
601 1703 673 1743 καὶ
720 1700 1085 1756 διελοιδορήσατο
1132 1699 1264 1757 αὐτῷ,
1313 1699 1372 1742 ὤν
1416 1697 1515 1742 τότε
1546 1699 1827 1755 Ἁλκιβιάδης

296 1770 630 1827 ἕμπαράσκευος
675 1769 788 1825 πρὸς
832 1768 1029 1823 πόλεμον
1073 1767 1129 1818 ὥς
1166 1771 1413 1823 ναυμαχίας
1443 1768 1825 1824 προςδοκωμένης,

296 1838 461 1881 κελεύει
481 1847 574 1887 τοῖς
591 1837 877 1894 στρατιώταις
899 1837 1135 1891 συλλαβεῖν
1151 1835 1303 1878 αὐτόν·
1323 1835 1366 1878 οἳ
1384 1836 1432 1878 δὲ
1449 1835 1828 1891 συλλαμβάνοντες

297 1906 445 1958 αὐτὸν,
476 1906 532 1956 ὠς
561 1910 641 1962 μέν
670 1909 784 1954 τινές
805 1919 961 1961 φασιν,
996 1906 1218 1953 παντελῶς
1240 1903 1493 1952 ἀπέπνιξαν
1514 1903 1646 1946 αὐτὸν
1667 1905 1729 1952 εἷς
1749 1903 1827 1959 τὴν

295 1975 546 2027 θάλασσαν,
580 1973 638 2024 ὠς
667 1975 717 2016 δὲ
738 1974 883 2024 ἄλλοι,
907 1974 1143 2028 δεδεμένον
1165 1971 1298 2015 αὐτὸν
1319 1976 1480 2028 σχοίνῳ
1503 1971 1666 2027 ἇνῆγόν
1685 1988 1732 2013 τε
1751 1973 1826 2014 καὶ

296 2045 485 2099 κατῆγον
516 2044 579 2091 εἷς
609 2044 687 2098 τὴν
716 2042 976 2084 θάλασσαν·
1009 2040 1060 2083 οὗ
1090 2045 1240 2096 μέντοι
1273 2043 1345 2082 καὶ
1382 2039 1636 2088 ἀπέπνιξαν
1667 2055 1827 2083 παντε-

295 2112 392 2163 λῶς,
424 2112 500 2152 τοῦ
528 2107 815 2165 Ἀλκιβιοέδου
845 2110 1047 2161 λέγοντος
1090 2109 1315 2163 ,,βάπτε
1343 2125 1406 2164 με
1437 2108 1498 2150 σὺ
1528 2108 1824 2163 θυμέλαις,

295 2179 379 2230 ἐγώ
410 2179 459 2220 δέ
489 2191 538 2220 σε
559 2178 771 2233 ἁλμυροῖς
791 2176 925 2220 ὕδασι
946 2177 1256 2219 κατακλύσω.“
1305 2178 1391 2218 Καὶ
1423 2174 1559 2225 οὕτως
1581 2176 1634 2231 δὴ
1666 2175 1693 2231 ἢ
1723 2176 1825 2217 δια-

296 2250 548 2303 φθαρέντος
578 2255 672 2295 τοῖς
701 2245 865 2301 κύμασι
888 2247 1127 2295 παντελῶς,
1156 2245 1181 2301 ἢ
1210 2246 1282 2287 καὶ
1315 2247 1647 2301 περισωθέντος
1676 2242 1825 2300 ψήφι-

391 2372 413 2411 ¹)
439 2370 489 2402 Ad
515 2369 694 2412 Eupolidis
718 2367 875 2408 fabulam,
902 2380 984 2411 quae
1009 2369 1212 2401 inscribitur
1236 2365 1403 2408 Βάπται,
1429 2372 1482 2400 est
1506 2366 1730 2400 referendum.
1776 2366 1825 2400 De

296 2438 357 2470 qua
395 2426 436 2459 cf.
478 2425 693 2466 Meineke,
731 2424 1035 2467 Quaestionum
1062 2427 1325 2459 scenicarum
1358 2435 1445 2468 spec.
1472 2424 1494 2456 l.
1520 2424 1631 2456 Berol.
1670 2423 1756 2456 1826
1792 2434 1823 2467 p.

297 2484 350 2516 36.
379 2484 433 2516 42.
461 2484 522 2527 43,
548 2484 604 2526 qui
631 2494 672 2515 ex
701 2483 885 2516 Aristid.
917 2484 1043 2516 schol.
1070 2483 1108 2515 T.
1134 2483 1187 2515 ΙΙΙ.
1214 2494 1244 2526 p.
1268 2484 1345 2515 444.
1373 2483 1423 2515 ed.
1448 2480 1602 2520 Dindorf,
1640 2481 1703 2513 hoc
1727 2480 1824 2512 disti-

296 2542 380 2573 chon
406 2541 527 2573 edidit:

474 2593 623 2635 Ba'meg
646 2593 728 2642 μ’ἓν
752 2598 968 2643 θυμέλῃσιν,
994 2595 1062 2640 ἐγὼ
1089 2595 1131 2629 δέ
1152 2605 1193 2629 σε
1216 2594 1353 2641 κύμασι,
1376 2591 1514 2630 πόντου

562 2654 744 2698 βαπτίζων
770 2650 884 2687 ὀλέσω
907 2649 1046 2697 νάμασι
1073 2655 1315 2700 πικροτέροις.

297 2718 453 2746 correcta
478 2713 686 2745 scholiastae
712 2712 859 2745 lectione
895 2704 1008 2752 βάπτε
1042 2722 1088 2754 με
1124 2710 1163 2743 ἓν
1186 2711 1220 2742 in
1245 2705 1373 2752 βάπτες
1397 2708 1491 2753 μ’ἐν.
1540 2708 1586 2741 At
1610 2708 1824 2740 scribendum

296 2771 448 2802 videtur:

475 2821 602 2859 Βάπτε
627 2824 669 2858 σὺ
694 2822 778 2870 μ’ἔν
799 2826 1012 2871 θυμέλῃσιν,
1036 2821 1104 2868 ἐγὼ
1128 2823 1165 2856 δὲ
1192 2823 1231 2857 σὲ
1255 2822 1389 2868 κύμασι
1416 2819 1556 2858 πόντου

563 2883 746 2924 βαπτίζων
771 2879 885 2915 ὀλέσω
907 2880 1045 2926 νάμασι
1070 2881 1306 2928 πικροτέροις.
