2014 3204
675 931 751 981 DE
787 930 928 981 ARTE
961 927 1322 979 HISTRIONUM.

345 1126 416 1167 Est
445 1125 652 1178 quaedam,
684 1129 729 1163 ut
758 1123 811 1163 ait
842 1122 968 1169 Plato,
1014 1129 1215 1174 tamquam
1246 1119 1485 1160 annulorum
1514 1118 1648 1165 series,
1679 1129 1755 1170 qua

232 1202 371 1249 poetae
399 1208 490 1235 cum
520 1195 569 1234 iis
599 1193 667 1245 qui
700 1192 874 1232 carmina
895 1203 1034 1231 eorum
1064 1190 1232 1230 audiunt
1261 1189 1313 1230 ita
1343 1192 1437 1228 sunt
1467 1187 1680 1234 coniuncti,
1711 1191 1755 1226 ut

234 1276 435 1306 summum
465 1264 594 1304 locum
625 1261 830 1300 obtineant
873 1266 1025 1312 poetae,
1071 1259 1244 1299 medium
1289 1256 1486 1310 thapsum,
1530 1256 1754 1303 choreutae‚

236 1333 461 1378 histriones,
490 1332 615 1371 imum
646 1330 845 1370 auditores
874 1333 991 1381 atque
1020 1333 1261 1380 spectatores
1281 1324 1322 1376 ¹).
1381 1325 1486 1366 Sunt
1514 1325 1635 1377 igitur
1665 1324 1757 1364 rha-

237 1402 363 1454 psodi,
400 1401 636 1446 choi-eume,
682 1399 897 1439 histriones
923 1397 1046 1437 medii
1076 1397 1182 1436 inter
1208 1400 1346 1448 poetas
1376 1399 1416 1434 et
1446 1394 1647 1434 auditores
1677 1393 1759 1432 col-

236 1469 351 1510 locati
373 1475 582 1521 poetarum
613 1469 848 1520 interpretes
862 1465 911 1516 2),
942 1465 1085 1518 quibus
1115 1465 1190 1504 hoe
1211 1464 1379 1504 maxime
1408 1469 1467 1503 est
1496 1462 1762 1509 efficiendum,

236 1544 283 1578 ut
310 1538 455 1590 scripta
486 1549 623 1577 eorum
654 1542 760 1576 recte
791 1542 828 1575 et
858 1541 903 1575 ut
931 1534 1004 1586 ipsi
1037 1534 1244 1574 voluerunt
1265 1538 1404 1585 poetae
1433 1531 1729 1583 intellegantur.

350 1607 408 1646 Et
435 1606 556 1646 haec
585 1606 773 1658 quidem
811 1602 1194 1655 interpretandi
1238 1614 1337 1647 ars,
1384 1613 1507 1653 quae
1553 1612 1672 1640 voce
1717 1605 1763 1639 et

239 1682 376 1716 motu
406 1671 781 1724 continetur-³),
823 1674 864 1712 in
893 1671 1209 1725 pronuntiandis,
1252 1669 1465 1716 imitandis,
1496 1668 1763 1722 exprimendis

238 1749 445 1796 poetarum
474 1743 713 1783 carminibus
742 1743 868 1794 posita
898 1754 987 1782 cum
1019 1740 1230 1780 dramatica
1260 1738 1442 1792 inprimis
1472 1738 1580 1791 poesi
1612 1737 1764 1778 exculta

240 1814 304 1860 sit,
342 1812 388 1852 ab
418 1811 568 1863 agendo
598 1811 803 1851 nominata
833 1815 893 1851 est
932 1810 1077 1849 actio.
1136 1809 1182 1848 In
1215 1820 1293 1860 quo
1324 1814 1457 1847 tamen
1487 1807 1564 1847 hoc
1594 1805 1764 1847 maxime

241 1887 302 1922 est
330 1881 560 1927 cavendum,
603 1892 654 1921 ne
683 1880 784 1933 quiS‚
815 1885 859 1920 ut
889 1880 1002 1931 vulgo
1033 1884 1208 1919 erratum
1240 1876 1359 1925 est⁴),
1388 1876 1473 1929 ipso
1503 1876 1664 1916 nomine
1694 1875 1766 1914 de-

336 2033 362 2075 ‘)
391 2032 471 2066 lon.
496 2043 527 2076 p.
552 2031 628 2065 535.
654 2031 693 2064 E.
721 2030 796 2064 536.
821 2031 863 2064 A.
901 2029 1024 2064 Οἶσθα
1062 2024 1128 2064 οὖν
1158 2025 1215 2062 ὅτι
1239 2019 1348 2065 οὗτός
1372 2027 1472 2062 ἐστιν
1495 2025 1516 2060 ὁ
1540 2023 1672 2070 θεατὴς
1694 2026 1767 2061 τῶν

242 2090 439 2124 δακτυλίων
462 2087 481 2122 ὁ
506 2089 667 2133 ἔσχατος,
692 2080 744 2123 ὧν
764 2086 848 2132 ’,ἐγώ
884 2088 1008 2133 ἔλεγον
1031 2089 1079 2131 (p.
1104 2087 1181 2120 533.
1205 2086 1258 2128 D.)
1284 2083 1360 2119 ὑπὸ
1386 2087 1448 2129 τῆς
1467 2082 1768 2131 ἹΙρακλειώτιδος

242 2149 348 2182 λίθου
370 2145 435 2181 ἀπ’
460 2144 623 2190 ἀλλήλων
646 2143 711 2188 τὴν
735 2141 895 2191 δύναμιν
917 2143 1131 2188 λαμβάνειν;
1157 2142 1176 2177 ὁ
1202 2142 1244 2178 δὲ
1266 2145 1379 2189 μέσος
1395 2141 1443 2178 σὺ
1467 2140 1488 2176 ὁ
1512 2139 1685 2190 ῥαψῳδὸς
1705 2141 1768 2175 καὶ

243 2203 446 2254 ὑποκριτής,
470 2202 490 2238 ὁ
516 2203 556 2238 δὲ
581 2205 723 2249 πρῶτος
746 2200 853 2240 αὐτὸς
876 2201 896 2236 ὁ
922 2200 1088 2246 ποιητής;
1122 2199 1143 2235 ὂ
1180 2200 1221 2236 δὲ
1255 2199 1344 2239 θεὸς
1380 2199 1441 2235 διὰ
1468 2197 1614 2236 πάντων
1635 2195 1770 2233 τούτων

244 2262 333 2298 ἕλκει
357 2260 422 2306 τὴν
444 2257 673 2307 ψιχὴνὲποι
699 2258 745 2296 ἂν
771 2259 938 2305 βούληται
962 2262 1035 2294 τῶν
1058 2253 1270 2307 ἀνθρώπων
1292 2255 1574 2303 (ἔποκρεμαιψὺς
1596 2255 1633 2295 ἐξ
1655 2251 1768 2299 ἀλλή-

244 2323 316 2355 λων
338 2318 402 2364 τὴν
425 2316 595 2365 δύναμιν.

335 2378 362 2420 ²)
387 2378 469 2411 lon.
501 2389 532 2421 p.
559 2378 635 2410 530.
661 2378 697 2410 C.
724 2375 798 2411 τὸν
832 2395 876 2400 ——
910 2373 1124 2423 ῥαψῳδὸν
1157 2375 1346 2422 ἑρμηνέα
1381 2374 1452 2408 δεῖ
1472 2374 1546 2407 τοῦ
1569 2372 1770 2415 ποιητοῦ

246 2437 318 2477 τῆς
340 2436 548 2472 διανοίας
571 2437 812 2480 γίγνεσθαι
836 2435 930 2471 τοῖς
952 2429 1175 2467 ἀκούουσι.
1216 2444 1246 2476 p.
1261 2433 1340 2467 535.
1366 2434 1406 2465 A.
1432 2428 1573 2466 Οὐκοῦν
1597 2427 1700 2475 ὑμεῖς
1724 2422 1769 2462 αὖ

248 2495 285 2528 οἱ
306 2492 476 2541 ῥαψῳδοὶ
498 2490 543 2526 τὰ
567 2494 637 2526 τῶν
661 2493 818 2534 ποιητῶν
839 2486 1066 2538 ἑρμηνεύετε;

337 2550 364 2593 ³)
390 2551 470 2585 cic.
496 2551 657 2584 Orator
682 2562 711 2583 c.
740 2550 779 2582 17
804 2549 825 2592 ξ
852 2550 905 2582 55.
955 2550 1014 2582 Est
1038 2567 1079 2572 -—
1104 2551 1192 2583 aetio
1215 2551 1314 2593 quasi
1336 2550 1486 2593 corporis
1510 2545 1677 2590 quaedam
1706 2545 1771 2578 elo-

248 2611 393 2651 quentia,
410 2620 494 2642 reum
517 2610 644 2641 constet
667 2619 685 2639 e
710 2617 805 2640 voce
825 2610 945 2650 atque
968 2610 1070 2639 motu.
1119 2606 1299 2649 Quintil.
1327 2607 1406 2639 inst.
1423 2605 1563 2638 Orator.
1580 2604 1640 2637 XI.
1666 2604 1697 2636 3.
1718 2603 1770 2641 14,

253 2665 368 2699 Omm's
390 2667 476 2698 aetio
498 2685 541 2690 --
564 2668 601 2698 in
635 2665 723 2698 duas
744 2664 853 2697 diti-ra
874 2667 1002 2709 partes,
1036 2674 1173 2697 vocem
1205 2668 1474 2708 gestumque,
1509 2672 1654 2706 quorum
1688 2660 1772 2693 alter

252 2721 364 2755 oculos
386 2722 492 2756 altera
513 2734 615 2757 aures
638 2725 753 2763 movet,
789 2732 850 2766 per
880 2732 963 2765 quos
985 2721 1070 2756 dnos
1093 2733 1209 2756 seusus
1232 2724 1342 2756 omnis
1365 2722 1414 2755 ad
1435 2723 1592 2754 animum
1612 2722 1773 2765 penetrat

252 2781 415 2822 affectus.

344 2836 374 2880 ⁴)
407 2838 522 2881 Nuper
555 2839 655 2871 etiam
693 2839 725 2871 in
763 2839 848 2871 hunc
885 2849 1036 2871 errorem
1073 2838 1192 2871 incidit
1229 2839 1283 2870 vir
1318 2837 1529 2879 sagacissimi
1566 2836 1696 2878 ingenii
1733 2833 1772 2868 G.

255 2895 455 2936 Nitzsch‚
489 2896 536 2928 de
571 2897 759 2929 historia
786 2896 951 2929 Homeri
988 2895 1069 2928 fasc.
1096 2895 1131 2927 ΙΙ.
1170 2906 1198 2937 p.
1227 2895 1290 2929 120
1315 2895 1370 2938 qni
1395 2894 1606 2937 rhapsodiam
1631 2904 1650 2926 a
1675 2898 1773 2935 gestu

290 2951 317 2977 J.
340 2950 567 2983 Somnierbrodt,
586 2952 735 2979 scaenica.
1516 2954 1557 2985 14
