2014 3204
781 299 1091 339 —133—

186 416 519 456 secundarum
550 414 770 467 partium
801 418 1041 462 actorem,
1087 428 1175 467 per
1205 415 1469 455 sinistram
1501 417 1703 467 tritago·

187 482 391 531 nisum,
422 483 585 524 tertium
613 483 736 530 illum,
782 495 900 534 quem
934 483 1150 535 Sophocles
1194 484 1426 530 introduxit,
1468 484 1718 524 histrionem.

186 550 300 598 Quod
330 551 364 591 si
394 551 471 591 hoc
497 551 549 591 ita
579 550 808 590 institutum
837 550 963 590 fuisse
994 551 1203 598 credimus,
1250 552 1346 603 quid
1376 553 1540 591 tandem
1571 553 1638 592 fiet
1668 553 1717 592 de

186 619 358 659 Creonte
403 619 505 671 apud
547 618 797 670 Sophoclem,
844 619 954 658 cuius
998 625 1130 671 partes
1175 631 1258 659 non
1301 620 1604 671 protagonisten
1649 621 1718 660 sed

186 686 462 739 tritagonisten
491 685 676 726 habuisse
705 686 863 733 scimus,
909 685 1003 738 quid
1051 687 1099 726 de
1143 687 1286 727 ceteris
1331 687 1501 739 regibus,
1548 701 1717 739 quorum

186 766 374 807 persaepe
394 766 475 794 non
504 754 652 806 primas
672 754 795 793 fuisse
815 759 948 806 partes
980 753 1170 795 constat?
1216 755 1471 795 Demosth.
1503 756 1560 796 de
1590 757 1717 797 falsa

184 823 274 874 leg,
304 835 342 874 p.
374 822 471 862 418.
521 819 630 861 Ἴστε
659 819 741 875 γὰρ
771 818 920 874 δήπου
965 818 1113 870 τοῦθ’,
1159 818 1228 862 ὅτι
1274 821 1330 863 ἓν
1375 819 1553 863 ἅπασι
1597 830 1718 872 τοῖς

185 886 435 944 δράμασι
477 895 595 936 τοῖς
642 895 935 943 τραγικοῖς
983 885 1271 943 ἐξαίρετόν
1320 889 1491 941 ἐστιν,
1539 887 1716 945 ὥσπερ

182 958 341 1012 γέρας
369 971 438 1004 τι,
483 963 598 1004 τοῖς
642 964 1106 1010 τριταγωνισταῖς
1149 956 1206 998 τὸ
1250 956 1373 1006 τούς
1418 954 1718 1013 τυράννους

183 1023 423 1082 καὶὶτούς
451 1023 514 1065 τὰ
544 1025 791 1078 σκῆπτρα
822 1023 1044 1076 ἔχοντας
1089 1022 1345 1066 εἰσιέναι·
1389 1027 1530 1067 ταῦτα
1570 1029 1717 1068 τοίνυν

182 1092 230 1134 ἐν
257 1093 318 1147 τῷ
347 1087 542 1147 δράματι
572 1090 711 1147 τούτῳ
742 1094 981 1148 σκέψασθε
1021 1091 1048 1134 o‘
1085 1095 1236 1148 Κρέων
1270 1094 1489 1148 Αἰσχίνης
1535 1093 1601 1142 οἷς
1644 1094 1717 1135 λέ-

182 1175 272 1214 γων
302 1163 548 1215 πεποίηται
578 1162 638 1216 τῷ
668 1162 833 1216 ποιητῇ
864 1176 901 1202 κ.
923 1177 960 1202 τ.
982 1161 1021 1202 λ.
1066 1163 1312 1202 Plutarch.
1345 1163 1550 1214 Lysand.
1583 1176 1615 1202 c.
1647 1162 1714 1202 23.

185 1231 262 1279 (ed.
291 1230 442 1270 Hutten
472 1230 521 1269 IV
551 1243 589 1282 p.
626 1228 721 1279 162)
754 1227 851 1270 οἷον
881 1228 926 1270 ἒν
954 1229 1224 1284 τραγῳδίαις
1245 1229 1452 1277 ἐπιεικῶς
1482 1232 1715 1284 συμβαίνει

182 1297 286 1352 περὶ
315 1296 416 1345 τοὺς
445 1294 698 1351 ὑποκριτὰς,
742 1294 821 1338 τὸν
864 1297 945 1351 μὲν
983 1295 1168 1349 ἀγγέλου
1213 1298 1331 1346 τινὸς
1374 1296 1403 1352 ἢ
1421 1296 1716 1352 ’θεράποντος

184 1364 466 1419 ἐπικείμενον
508 1364 754 1419 πρόσωπον
784 1359 1035 1419 εὐδοκιμεῖν
1078 1365 1152 1405 καὶ
1195 1373 1713 1419 πρωταγωνιστεῖν,

182 1431 260 1474 τὸν
303 1432 353 1475 δὲ
396 1431 598 1487 διάδημα
647 1432 722 1472 καὶ
766 1433 990 1487 σκῆπτρον
1049 1434 1275 1487 φοροῦντα
1319 1432 1424 1488 μηδ’
1472 1432 1712 1482 ἇκούεςθαι

182 1498 500 1556 φθεγγόμενον.
559 1501 620 1541 An
650 1513 776 1552 regoe,
807 1501 914 1553 quod
946 1507 1079 1553 partes
1112 1514 1250 1542 eorum
1281 1515 1301 1542 a
1331 1502 1592 1554 tritagonistis
1623 1517 1714 1555 age-

180 1571 338 1618 bantur,
368 1581 451 1610 non
472 1581 543 1622 per
574 1569 747 1609 mediam
770 1575 940 1621 portam,
973 1582 1051 1621 qua
1081 1582 1127 1608 ex
1158 1570 1263 1622 regia
1293 1571 1526 1622 pervenitur
1545 1572 1587 1611 in
1618 1585 1712 1624 pro-

181 1638 373 1686 scenium,
404 1638 600 1690 prodiisse
630 1635 894 1690 putabimus?
952 1637 1194 1678 Prodierunt
1216 1639 1359 1685 hercle,
1391 1640 1498 1679 unde
1528 1641 1712 1693 progredi

180 1719 250 1746 eos
279 1717 443 1745 necesse
475 1711 570 1751 erat,
600 1717 714 1757 reges
745 1718 793 1745 ex
823 1706 943 1757 regia,
975 1718 1105 1759 neque
1128 1718 1305 1759 unquam
1338 1707 1428 1748 talis
1460 1708 1610 1748 exstitit
1640 1709 1714 1757 lex,

180 1774 335 1826 qualem
369 1773 414 1812 Ο.
444 1773 654 1813 Muellerus
684 1779 889 1822 statuerat,
921 1775 989 1814 sed
1022 1776 1195 1814 eundem
1225 1775 1412 1823 Pollucis,
1444 1789 1563 1829 quem
1595 1790 1712 1829 supra

181 1842 488 1887 observavimus,
518 1854 692 1881 errorem
724 1842 1071 1894 deprehendimus,
1118 1856 1197 1895 quo
1229 1845 1433 1884 transtulit
1478 1846 1526 1885 ad
1573 1858 1712 1886 omnes

178 1909 343 1958 fabulas,
389 1909 495 1962 quod
532 1909 718 1950 facillime
748 1916 905 1963 poterat
949 1912 1163 1957 usuvenire
1207 1912 1248 1951 in
1294 1923 1372 1952 una
1417 1912 1583 1953 alterave
1627 1918 1712 1953 tra-

179 1978 327 2031 goedia.

292 2045 371 2085 Sed
392 2046 675 2086 revertendum
698 2051 760 2086 est
779 2047 828 2086 ad
848 2059 935 2086 rem
966 2047 1224 2100 propositam,
1256 2047 1575 2100 addendumque,
1597 2049 1710 2097 hanc,

178 2116 227 2156 de
257 2127 332 2168 qua
380 2114 499 2154 modo
541 2114 726 2161 diximus,
772 2127 968 2161 scaenam,
1015 2117 1122 2155 hunc
1166 2116 1357 2168 parietem
1404 2116 1545 2156 tabulis
1591 2123 1710 2169 atque

177 2182 492 2236 peripetasmatis
523 2188 720 2230 ornatum,
750 2183 872 2223 fuisse
904 2184 1168 2229 ductilem,
1198 2185 1239 2224 id
1261 2190 1333 2230 est,
1364 2185 1416 2224 ita
1437 2185 1561 2225 fuisse
1591 2186 1708 2225 insti-

177 2257 331 2299 tutum,
361 2258 407 2291 ut
438 2251 569 2291 diduci
597 2257 732 2303 posset
762 2264 887 2303 eoque
932 2253 1051 2291 modo
1097 2252 1266 2292 diductis
1314 2253 1497 2292 tabulatis
1541 2265 1710 2306 appare-

175 2324 265 2360 rent
309 2332 367 2367 ea,
412 2331 513 2371 quae
557 2318 598 2358 in
636 2319 733 2371 ipsis
765 2319 925 2360 aedibus
958 2326 1091 2360 essent
1121 2321 1235 2360 facta.
1297 2321 1429 2361 Serv.
1476 2322 1524 2360 ad
1573 2322 1707 2374 Verg.

176 2388 343 2439 Georg.
373 2387 439 2427 111.
472 2386 538 2426 24.
589 2387 748 2435 Scaena,
778 2401 874 2441 quae
902 2390 1028 2442 fiebat,
1060 2397 1128 2429 aut
1156 2390 1304 2429 versilis
1332 2397 1416 2430 erat
1445 2396 1512 2429 aut
1543 2390 1706 2429 ductilis.

183 2455 393 2495 Versilis
420 2462 502 2495 tum
530 2463 626 2502 erat,
659 2467 745 2495 cum
779 2456 900 2496 subito
930 2464 1010 2497 tota
1039 2457 1223 2497 machinis
1258 2458 1482 2509 quibusdam
1512 2465 1706 2498 converte-

177 2593 429 2636 ταγωνισιοῦν,
453 2591 801 2639 δευτεραγωνιστοῦν
823 2604 888 2626 non
913 2593 1126 2628 referendum
1152 2604 1225 2627 esse
1250 2595 1291 2627 ad
1326 2595 1518 2636 primarum,
1544 2597 1706 2629 secunda-

178 2659 250 2681 rum
266 2650 411 2692 partium
429 2655 572 2693 actores,
597 2651 655 2682 sed
672 2651 714 2683 ad
732 2661 961 2693 personarum,
986 2663 1070 2695 quae
1087 2652 1122 2684 iu
1140 2650 1263 2684 sabulis
1281 2652 1511 2691 inveniantur,
1541 2653 1705 2685 maiorem

177 2706 382 2740 minoremve
406 2707 619 2749 dignitatem,
643 2708 755 2750 itaque
780 2708 922 2741 mediam
953 2713 1083 2751 portam
1109 2707 1215 2741 fuisse
1248 2708 1339 2749 eius,
1365 2709 1420 2750 qui
1454 2719 1581 2741 summo
1615 2715 1706 2742 esset

177 2761 252 2795 loco
277 2763 475 2804 collocatus,
499 2765 593 2805 regis
617 2775 645 2797 e.
677 2775 706 2807 q.
733 2775 759 2797 s.
790 2765 834 2797 Et
857 2766 921 2797 hoc
945 2776 1026 2798 sane
1062 2766 1271 2808 aptissimam
1308 2765 1449 2807 praebet
1487 2767 1702 2807 sententiam,

177 2819 236 2851 sed
260 2829 355 2861 quam
379 2831 444 2852 non
469 2820 618 2854 Pollucis
643 2820 749 2854 fuisse
781 2822 837 2854 vel
862 2832 901 2854 eo
938 2823 1018 2855 milii
1054 2823 1259 2865 persuadeo,
1295 2823 1380 2866 quod
1421 2822 1504 2854 talis
1537 2823 1702 2855 sermonis

176 2875 316 2907 audacia
346 2876 483 2911 nimium
513 2883 671 2921 quantum
702 2879 886 2912 abhorrere
923 2879 1062 2912 videtur
1086 2879 1126 2911 ab
1152 2879 1277 2912 eximia
1303 2879 1374 2912 eius
1406 2879 1574 2912 tenuitate
1600 2884 1699 2922 atque

177 2932 367 2966 ieiunitate.
