2014 3204
746 247 1056 290 —145-

146 370 307 423 vestigia
336 369 460 422 sequi,
490 381 593 422 quae
621 368 655 408 si
681 366 903 416 religiosius
932 365 1204 405 observassent
1232 364 1292 404 rei
1311 363 1508 405 scaenicae
1536 363 1661 405 inter-

147 443 293 494 pretes,
313 439 524 491 minusque
544 437 708 478 licenter
721 446 794 476 suo
810 433 1070 474 indulsissent
1085 432 1215 485 genio,
1232 437 1271 472 et
1286 432 1435 474 facilius
1450 438 1490 473 et
1509 432 1662 479 clarius,

149 507 303 562 opinor,
335 519 419 548 eam
449 505 673 559 potuissent
699 503 907 543 illustrare.
950 501 1116 554 Appono
1144 506 1276 541 autem
1297 501 1346 541 de
1374 501 1571 542 industria
1599 502 1662 542 in-

97 597 103 603 ·
147 583 294 630 tegros,
325 581 516 629 quantum
537 573 622 613 fieri
640 573 742 618 licet,
773 570 1062 623 tragoediarum
1082 570 1203 618 locos,
1234 574 1278 609 ut
1307 570 1427 622 magis
1449 570 1566 611 etiam
1594 583 1665 623 ap-

150 651 298 700 pareat,
327 649 472 698 quanta
501 640 703 693 diligentia
732 639 782 680 ab
810 640 998 692 Aeschylo
1018 644 1272 692 prospectum
1301 638 1366 686 sit,
1394 644 1439 678 ut
1469 651 1520 679 ne
1550 652 1665 691 spec-

150 721 299 756 tatores
326 714 370 754 in
399 723 574 754 errorem
604 710 835 755 inciderent,
865 708 936 748 sed
966 708 1015 749 de
1030 721 1074 748 re
1102 707 1278 748 scaenica
1309 707 1497 747 certiores
1513 708 1665 748 fierent.

262 783 312 823 Et
338 783 381 823 in
411 779 706 821 Prometheo
736 778 895 831 quidem
924 777 1211 830 simplicissima
1242 782 1302 816 est
1346 789 1500 824 scaena,
1544 777 1667 830 siqui-

152 847 243 894 dem
272 864 344 905 per
372 850 495 890 totam'
524 848 693 889 fabulam
724 847 780 887 nil
810 846 1073 899 conspicimus
1102 846 1179 886 nisi
1206 846 1368 886 arduam
1398 845 1567 898 aliquam
1598 857 1666 887 ru·

151 933 255 974 pem,
285 920 327 960 in
357 919 508 959 deserta
539 916 718 970 Scythiae
746 915 906 968 regione
936 915 1064 956 sitam.

212 989 262 1029 cf.
291 1001 325 1028 v.
358 989 377 1028 1
413 988 471 1028 ed.
502 987 709 1027 Wellauer.
769 983 1026 1036 (Κράτος.)

274 1055 456 1104 Χθονὸς
483 1057 564 1108 μὲν
594 1054 657 1102 εἷς
684 1051 894 1108 τηλουρὸν
922 1048 1081 1107 ἥκομεν
1111 1050 1245 1093 πέδον

269 1127 308 1166 Σ
314 1122 484 1179 κύθ-ην
502 1120 553 1172 ἐς
573 1138 596 1165 o
611 1124 760 1177 ἴμον,
782 1119 948 1174 ἄβατον
968 1122 1030 1170 (R.
1053 1118 1255 1175 ἄβροτον)
1277 1118 1340 1167 εἷς
1360 1117 1555 1174 ἐρημίαν.

259 1190 487 1248 Ἥφαιστε,
518 1191 590 1234 σοὶ
621 1191 671 1233 δὲ
698 1189 777 1245 χρὴ
809 1189 957 1245 μέλειν
987 1188 1243 1238 ἐπιστολὰς,

258 1257 339 1310 “Ag
369 1272 441 1303 σοι
473 1259 618 1315 πατὴρ
649 1258 818 1316 ἐφεῖτο,
849 1257 1005 1300 τόνδε
1035 1257 1167 1313 πρὸς
1197 1259 1436 1313 πέτραις.

269 1325 741 1386 <Υψηλοκρήμνοις
769 1327 845 1369 τὸν
873 1325 1063 1380 λεωργὸν
1093 1324 1283 1381 ὀχμάσαι

265 1396 596 1453 ’Λδαμαντίνων
624 1396 799 1451 δεσμῶν
827 1395 874 1438 ἓν
903 1393 1132 1451 ἀρρήκτοις
1161 1395 1333 1444 πέδαις.

214 1481 249 1508 v·
281 1468 347 1508 31.
379 1468 537 1521 (Heph.)

262 1527 387 1578 ’.ἄνθ’
405 1531 465 1577 ὦν
480 1533 648 1590 ἀτερπῆ
661 1533 822 1590 τήνδε
836 1532 1100 1589 φρουρήσεις
1114 1534 1279 1587 πέτραν
1294 1549 1332 1575 κ.
1343 1548 1378 1574 τ.
1394 1532 1433 1575 λ.
1450 1534 1500 1575 cf.
1514 1534 1558 1576 V.
1579 1535 1674 1575 117.

215 1619 250 1646 v.
283 1606 362 1646 140
393 1618 479 1658 sqq.
511 1605 674 1654 (Prom.)
733 1600 948 1658 δέρχθητ’,
979 1599 1178 1644 ἐσίδεσθ’

261 1670 369 1728 Ἔμ’,
401 1676 480 1728 οἵῳ
511 1671 666 1728 δεσμῷ
692 1670 1046 1727 προςπορπατὸς,

278 1741 458 1797 Τῆσδε
486 1740 762 1798 φάραγγος
792 1739 1028 1788 σκοπέλοις
1057 1739 1103 1781 ἓν
1133 1738 1280 1795 ἄκροις

276 1809 479 1866 Φρουρὰν
507 1805 671 1865 ἄζηλον
699 1807 855 1865 ὀχήσω.
887 1811 935 1851 cf.
964 1823 999 1850 V.
1032 1809 1267 1851 268—270.
1298 1823 1331 1850 V.
1364 1811 1446 1852 545
1476 1822 1564 1864 sqq.

219 1893 255 1919 v.
286 1880 368 1920 749
398 1893 483 1933 sqq.
517 1880 608 1930 (Jo).

283 1949 337 1988 Τί
367 1945 466 2003 δῆτ’
497 1942 597 2001 ἐμοὶ
632 1945 705 2002 ζῆν
732 1947 900 2001 κέρδος,
932 1944 1021 1989 ἀλλ’
1053 1945 1130 1990 οῦκ
1160 1946 1207 1990 ἐν
1234 1945 1357 2000 τάχει

269 2013 447 2071 Ἔρριψ’
479 2014 668 2071 ε’μαυτήν
695 2014 841 2072 τῆσδ’
871 2015 961 2058 ἀπὸ
993 2014 1188 2072 στύφλου
1218 2014 1414 2070 πέτρας
1442 2048 1452 2057 .
1485 2047 1495 2056 .

279 2085 558 2127 Proscaenium
587 2087 701 2140 plane
730 2099 909 2134 vacuum,
941 2099 1070 2140 neque
1101 2087 1178 2127 ulla
1207 2099 1251 2126 re
1282 2092 1527 2127 exornatum.

279 2154 417 2207 Neque
447 2167 538 2195 vero
566 2155 609 2195 in
640 2156 739 2209 Sup
750 2156 964 2209 plicibus
995 2155 1210 2196 obscurum
1251 2163 1324 2204 est,
1369 2155 1495 2209 qualis
1538 2166 1680 2195 scaena

167 2221 300 2263 fuerit.
359 2223 458 2263 Nam
489 2237 535 2264 ex
564 2224 649 2277 ipso
680 2224 896 2265 Danaidum
942 2225 1112 2265 adventu
1156 2224 1443 2277 cognoscimus,
1486 2223 1683 2276 appulisse

170 2304 235 2332 eas
265 2291 312 2332 ad
342 2292 573 2346 Argivorum
619 2298 778 2334 terram.
837 2294 996 2334 Videtur
1038 2294 1157 2346 igitur
1202 2294 1398 2335 maritima
1440 2293 1548 2345 regio
1593 2305 1683 2333 cum

170 2360 400 2412 Argivorum
431 2361 527 2401 urbe
556 2362 705 2415 depicta
734 2363 870 2410 fuisse,
906 2363 1021 2403 sicuti
1048 2363 1220 2416 intellegi
1263 2368 1394 2416 potest
1429 2376 1476 2403 ex
1519 2375 1556 2402 v.
1587 2361 1683 2411 932,

170 2430 239 2471 uhi
268 2442 335 2471 rex
365 2430 558 2471 Danaides
586 2431 735 2480 invitat,
766 2437 811 2472 ut
838 2432 989 2472 intrent
1018 2432 1061 2472 in
1089 2431 1230 2472 urbem

286 2495 429 2559 {Ypsrg
458 2497 507 2540 δὲ
537 2499 681 2541 πᾶσαι
712 2497 793 2540 σὺν
821 2498 976 2552 φίλαις
1006 2496 1175 2541 ὀπάοσι

288 2564 463 2623 Θράσος
492 2566 725 2622 λαβοῦσαι,
757 2565 974 2620 στείχετ’
1006 2566 1193 2624 εὐερκῆ
1222 2566 1386 2610 πόλιν

290 2630 476 2690 Πύργων
502 2637 673 2690 βαθείᾳ
701 2635 871 2692 μηχάνῃ
903 2636 1178 2693 κεκλῃμένην.

179 2702 267 2744 Non
296 2705 402 2746 enim
430 2706 623 2758 regiarum
653 2707 808 2747 aedium
837 2719 946 2748 aram
976 2720 1074 2755 esse,
1104 2707 1154 2748 ad
1176 2719 1295 2759 quam
1325 2705 1578 2758 confugerint
1607 2705 1690 2745 vir·

180 2772 302 2825 gines,
329 2785 398 2814 rex
425 2774 509 2827 ipse
538 2775 631 2815 dicit
662 2777 710 2826 (v.
743 2774 854 2826 360.)

296 2837 428 2883 ofitus
458 2841 670 2898 κάθησθε
699 2842 958 2898 δωμάτων
987 2843 1242 2899 ἐφέστιοι

286 2906 337 2950 Ἐ
346 2925 378 2964 μ
391 2910 467 2951 ὤν.

253 2988 283 3017 J.
304 2989 529 3024 Summerbrodt,
547 2990 695 3019 Seoenies.
1439 2992 1483 3026 10
