2014 3204
721 233 1030 275 -155—

234 352 430 406 Denique,
457 355 502 393 ut
520 350 695 392 breviter
713 354 887 404 repetam
911 349 1015 404 quod
1036 349 1178 397 sentio,
1192 362 1286 392 eum
1305 350 1425 391 huius
1444 349 1647 391 machinae

98 419 240 479 ſsllwm
256 422 380 464 fuisse
395 421 591 470 existimo,
620 419 872 474 nequamus
903 419 1168 460 diversissima
1196 419 1315 460 fuerit
1344 420 1484 468 forma,
1506 418 1647 460 auxilio

123 492 210 542 eius
236 492 319 533 sive
346 491 518 532 Deorum
547 491 628 532 sive
656 489 860 531 hominum
876 502 949 542 per
962 501 1093 529 aerem
1109 488 1371 529 advolantium
1401 489 1531 530 aditus
1561 488 1648 529 effi-

124 566 295 607 ceretur.
339 561 447 610 Quae
467 560 626 613 quidem
648 558 801 600 etiamsi
824 564 979 611 praeter
1003 563 1151 598 ceteras
1167 558 1251 598 solo
1268 557 1469 598 machinae
1489 558 1651 599 nomine

125 631 341 685 significata
357 635 431 677 est,
460 629 643 683 quoniam
658 641 740 670 una
759 628 937 669 omnium
954 627 1196 680 saepissime,
1217 627 1370 679 opinor,
1393 640 1437 667 ea
1452 628 1495 668 in
1511 640 1650 668 scaena

127 706 189 742 est
217 705 414 753 usurpata,
444 704 576 740 tamen
606 711 689 739 non
724 698 811 739 sine
838 711 911 738 suo
942 697 1113 750 quodam
1142 696 1305 736 nomine
1322 696 1489 749 ,videtur
1517 697 1651 744 fuisse,

126 771 199 813 sed
232 769 390 824 proprie
431 768 608 821 appelata
653 780 738 808 esse
778 763 995 821 ἒαίρημα
1040 765 1100 807 vel
1130 760 1429 821 αἰώρημαῑ).
1466 765 1599 806 Suid.
1615 777 1650 804 v.

119 833 365 894 ›36002754401‘
382 831 407 878 ὖ
422 833 777 891 Βελλεροφόντης
792 834 868 876 διὰ
884 835 961 876 τοῦ
978 832 1182 890 πηγάσου
1202 834 1281 876 τοῦ
1310 834 1533 889 πτερωτοῦ
1549 829 1651 875 ἐπε-

121 905 332 963 ἅύμησεν
366 905 429 953 εἷς
459 898 537 947 τόν
567 902 753 959 οὐρανὸν
774 902 997 946 ἀνελθεῖν.
1026 905 1101 944 καί
1132 914 1267 958 φησιν
1295 901 1556 959 Εὐριπίδης.

125 1024 137 1034 η,
211 972 324 1028 -Ἄν’
355 970 390 1016 ὦ
419 973 553 1028 φίλον
581 989 660 1029 μοι
692 971 901 1029 Πηγάσου
931 971 1039 1025 ταχὺ
1070 969 1245 1028 πτερόν.

122 1046 397 1104 μετέωρος
431 1042 490 1085 δὲ
519 1045 741 1099 αἴρεται
771 1042 864 1084 ἐπὶ
894 1041 1156 1097 μηχανῆς·
1192 1042 1351 1084 τοῦτο
1382 1040 1440 1083 δὲ
1470 1039 1651 1083 καλεῖ-

59 1136 62 1137 ’
126 1130 217 1159 ται
251 1111 493 1169 ἕιιίρημα·
533 1112 587 1155 ἐν
625 1109 759 1171 αὐτῇ
789 1111 846 1154 δὲ
885 1113 1130 1167 κατῆγον
1166 1111 1265 1159 τοὺς
1286 1109 1420 1159 θεοὺς
1451 1110 1524 1152 καὶ
1554 1109 1653 1159 τούς

129 1179 306 1239 §udan
324 1219 326 1222 .
344 1181 598 1232 πολοῦντας.
659 1182 803 1234 (Schol.
843 1179 1104 1230 λαλοῦντας,
1146 1194 1265 1234 quem
1310 1181 1490 1235 sequitur
1526 1181 1654 1221 Bem-

129 1255 283 1308 hardy.)
342 1254 509 1294 Prorsus
539 1251 642 1292 enim
673 1251 809 1292 eadem
839 1251 955 1292 huius
977 1251 1181 1292 machinae
1211 1251 1496 1304 interpretatio,
1527 1251 1652 1292 idem-

132 1337 211 1378 que
239 1324 287 1366 ad
316 1335 401 1364 rem
431 1321 701 1375 explicandam
722 1321 859 1374 Pegasi
881 1322 1105 1375 exemplum
1135 1326 1194 1362 est
1214 1321 1403 1368 additum,
1432 1321 1539 1374 quod
1558 1320 1654 1360 Pol-

131 1395 199 1436 lux
225 1392 355 1435 attulit
373 1392 417 1432 in
437 1391 695 1431 machinae
718 1391 994 1444 descriptione.
1041 1391 1175 1444 Neque
1196 1391 1276 1432 ullo
1306 1390 1424 1431 modo
1454 1391 1495 1430 id
1524 1395 1655 1443 potest

133 1463 304 1510 obstare,
336 1461 443 1514 quod
472 1461 576 1501 idem
598 1459 824 1511 singillatim
856 1459 904 1499 de
935 1457 1077 1514 αἰώρα
1107 1460 1241 1500 dicens
1273 1473 1320 1500 eo
1347 1459 1509 1500 nomine
1537 1459 1655 1500 funes

127 1535 291 1574 ,vocatos
319 1543 404 1571 esse
434 1529 585 1576 statuit,
615 1542 662 1569 ex
693 1529 834 1582 quibus
855 1529 1038 1582 suspensi
1069 1529 1229 1578 fuerint,
1262 1528 1330 1582 qui
1358 1529 1586 1569 viderentur
1612 1528 1656 1568 in

133 1614 224 1644 aere
244 1601 384 1641 volare.
422 1598 497 1639 On.
518 1598 581 1638 lv.
605 1598 698 1638 131.
721 1595 886 1651 αἷώρας
907 1595 951 1639 δ’
976 1595 1030 1639 ἂν
1050 1599 1197 1646 εἴποις
1216 1597 1316 1646 τοὺς
1337 1596 1491 1646 κάλως,
1513 1600 1561 1638 οἳ
1578 1612 1654 1639 κα-

130 1664 363 1724 τήρνηνται
376 1663 423 1715 ἐξ
435 1664 593 1722 ὕψους,
606 1663 778 1719 ἀνέχειν
792 1667 893 1716 τοὺς
909 1666 986 1709 ἐπὶ
1004 1668 1081 1709 τοῦ
1095 1664 1221 1722 ἀέρος
1238 1667 1459 1722 φέρεσθαι
1474 1666 1654 1708 δοκοῦν-

132 1754 210 1788 τας
236 1735 348 1794 ἥρως
369 1735 558 1793 ἢθεούς.
595 1736 744 1790 Nempe
766 1742 811 1778 ut
841 1742 922 1777 tota
948 1738 1129 1778 machina
1156 1736 1409 1791 appelabatur
1432 1732 1653 1789 αἶώρημα,

134 1809 192 1850 sic
234 1808 350 1849 funes
394 1812 502 1848 recte
536 1806 732 1847 nominari
766 1813 951 1859 poterant
995 1806 1173 1861 αῗῶραι.
1248 1805 1319 1846 Sin
1353 1817 1445 1845 vero
1490 1800 1656 1857 αἰώρας

134 1877 240 1917 idem
269 1876 487 1928 significare
515 1875 706 1923 volumus,
738 1876 843 1928 quod
872 1875 1093 1930 αῗῶρημα,
1124 1887 1174 1915 ne
1203 1875 1280 1915 hoc
1328 1874 1488 1927 quidem
1524 1877 1656 1926 potest

136 1945 347 1993 offendere,
369 1945 474 1998 quod
504 1944 641 1985 Pollux
669 1951 869 1997 praeter
898 1946 1174 1986 machinam
1205 1943 1421 1984 nominavit
1439 1940 1653 1996 αἰώρημα,

134 2014 351 2068 siquidem,
410 2027 510 2067 quae
567 2018 627 2054 est
678 2014 793 2054 huius
843 2015 1046 2068 scriptoris
1082 2015 1142 2054 rei
1181 2013 1382 2054 scaenicae
1421 2012 1650 2060 inscientia,

137 2087 309 2137 utroque
325 2083 512 2124 vocabulo
543 2083 706 2123 eandem
727 2096 812 2125 rem
829 2084 1000 2137 appelari
1016 2083 1199 2123 facillime
1218 2095 1306 2123 eum
1324 2082 1454 2135 potuit
1470 2081 1653 2133 effugere.

248 2153 436 2206 Sequitur
465 2155 804 2206 theologeum,
834 2153 861 2192 i.
894 2166 926 2193 e.
957 2152 1127 2204 logeum,
1164 2164 1241 2205 quo
1271 2152 1314 2192 in
1342 2162 1458 2192 scena
1486 2154 1656 2191 utuntur

133 2222 206 2271 Dii,
235 2233 314 2262 non
344 2222 371 2262 ii
401 2222 575 2276 quidem,
605 2223 672 2275 qui
701 2235 749 2262 ex
777 2222 885 2262 coelo
914 2221 1072 2274 delapsi,
1106 2234 1194 2262 cum
1224 2220 1450 2262 hominibus
1479 2220 1522 2260 in
1550 2225 1657 2260 terra

134 2297 342 2332 versantur
372 2291 534 2344 (quihus
574 2303 656 2331 non
686 2292 819 2332 minus
849 2303 968 2344 quam
998 2291 1135 2331 ceteris
1166 2290 1350 2331 omnibus
1379 2288 1656 2343 proscaenium

133 2360 182 2401 ad
211 2361 407 2412 agendum
435 2366 495 2401 est
525 2360 676 2410 datum)
707 2360 774 2400 sed
803 2360 843 2407 ii,
873 2360 939 2414 qui
971 2360 1080 2413 quasi
1101 2360 1143 2400 in
1172 2359 1256 2399 suis
1287 2358 1445 2400 sedibus
1474 2358 1516 2398 in
1545 2359 1655 2399 coelo

133 2434 334 2469 versantes
375 2430 423 2469 de
460 2429 568 2470 coelo
607 2428 881 2482 loquunturss).
941 2429 1012 2469 Est
1050 2429 1170 2481 igitur
1199 2428 1241 2470 in
1278 2428 1433 2468 editiori
1466 2428 1568 2474 loco,
1614 2427 1656 2468 in

133 2498 325 2552 superiori
352 2504 463 2551 parte
494 2510 658 2540 scaenae
679 2504 935 2540 exstructum.
991 2498 1108 2540 Cuius
1136 2498 1339 2539 machinae
1369 2498 1411 2537 in
1431 2497 1480 2537 iis
1499 2502 1656 2549 tragoe-

135 2647 219 2682 «μισ
242 2644 338 2673 certa
359 2640 419 2674 lex
452 2645 506 2673 est
540 2640 761 2682 tragoediae,
797 2639 864 2672 nisi
888 2649 908 2673 a
931 2639 1040 2673 latere
1076 2638 1219 2681 ingredi.
1267 2637 1413 2671 Venisse
1448 2642 1561 2671 autem
1584 2647 1655 2670 eam

136 2696 400 2737 eodemhabitu,
426 2708 489 2740 quo
514 2697 549 2731 in
573 2697 698 2731 itinere
734 2695 858 2738 fuerit,
894 2697 1068 2731 declarant
1098 2697 1171 2740 ipsa
1196 2697 1281 2739 illa:
1318 2693 1458 2733 Κώλοις
1485 2693 1657 2742 ἀκμαίοις

135 2746 248 2787 τόνδ’
273 2750 474 2792 ἔπιζεύξασ’
500 2751 598 2798 ὄχον.

230 2811 253 2851 ¹)
278 2809 326 2844 Cf.
352 2809 562 2855 Geppert,
587 2812 640 2848 die
665 2813 928 2855 altgriechische
952 2813 1064 2846 Biihne
1090 2823 1119 2856 p.
1148 2813 1223 2847 177.
1252 2812 1325 2847 178.

228 2866 260 2909 ²)
283 2867 481 2903 Falsissime
507 2870 614 2913 igitur
638 2872 678 2904 de
702 2871 880 2913 theologeo
906 2871 1035 2905 iudicat
1058 2868 1248 2904 Rlausen
1274 2871 1309 2904 iu
1333 2869 1439 2914 praef.
1465 2870 1516 2904 ed.
1541 2870 1654 2904 Orest.

137 2930 219 2960 sect.
244 2924 266 2959 I.
291 2936 323 2970 p.
348 2925 443 2960 XXI.
