2014 3204
908 168 1219 208 -120—

304 295 434 334 neque
465 283 636 334 profecto
669 283 756 323 sine
778 294 895 323 causa
928 284 1028 325 duos
1058 284 1143 325 illos
1174 286 1374 328 actoribus
1396 288 1661 332 instituissent
1681 293 1821 342 adim,

304 364 401 404 quos
433 351 479 391 ab
510 357 678 404 utroque
709 364 918 393 scaenae
962 354 1083 394 latere
1111 354 1153 394 in
1194 356 1446 407 proscenium
1492 359 1634 401 ducere
1677 362 1822 405 scimus

303 419 368 471 (αἱ
400 418 489 461 ἄνω
521 418 770 474 πάροδοιῙ),
801 421 834 461 si
877 421 996 462 iidem
1041 428 1205 472 actores,
1251 429 1295 464 ut
1340 425 1422 466 sive
1465 439 1627 481 peregre
1666 429 1746 471 sive
1776 444 1822 471 ex

304 489 441 530 vicinia
487 490 671 530 accedere
715 490 947 531 viderentur
995 491 1194 540 (Polluc.
1231 493 1292 533 IV.
1326 495 1436 545 126),
1480 509 1548 549 per
1591 498 1821 543 alterutrum

304 559 596 599 orchestrae
641 558 791 599 aditum
839 560 1062 612 potuissent
1105 562 1266 602 intrare.
1326 563 1558 606 Rectissime
1602 573 1733 609 autem
1778 569 1822 610 G.

304 627 666 678 Hermannus²)‚
699 635 968 678 maturam,
1000 630 1064 679 ait,
1095 629 1425 688 imitabssantur
1458 634 1648 683 Graeci,
1680 649 1824 692 coque

303 701 353 738 in
389 709 520 739 omne
565 710 732 737 aevum
770 710 858 750 pro
897 699 1129 751 ememplis
1159 704 1266 741 veri
1291 705 1510 755 rectique
1540 713 1687 747 erunt.
1739 707 1823 748 At-

305 781 388 821 que
407 775 617 808 naturae
639 767 784 820 leyem
804 774 998 808 constat
1017 781 1135 815 esse,
1168 771 1290 823 quod
1314 774 1491 824 paucis
1518 775 1825 829 fieripossit,

306 851 400 879 non
430 838 634 891 efficere
658 849 745 890 per
775 836 948 883 multa,
977 837 1064 878 hoc
1093 846 1180 887 est,
1210 846 1262 879 ut
1291 841 1404 881 aliis
1447 843 1605 884 verbis
1650 845 1825 888 dicam,

305 908 429 948 nihil
458 910 749 953 instituere,
782 906 900 959 quod
928 918 1021 946 non
1057 909 1120 947 sit
1147 912 1518 951 necessarium.“
1562 913 1697 967 Itaque
1719 921 1826 956 acto-

306 989 391 1026 res,
452 989 541 1016 cum
586 987 791 1028 nunquam
843 975 1034 1016 haberent
1078 977 1356 1019 choreutarum
1401 985 1550 1033 partes,
1604 994 1685 1023 non
1730 990 1824 1034 erat,

309 1046 415 1099 quod
447 1057 583 1086 eorum
615 1045 784 1085 statione
814 1049 1031 1094 uterentur,
1076 1045 1286 1088 orchestra.
1348 1048 1565 1091 Choreutae
1608 1064 1700 1093 vero
1743 1065 1826 1093 non

308 1116 435 1156 solum
465 1114 635 1167 antiquis
667 1113 927 1167 temporibus,
960 1114 1028 1154 sed
1059 1114 1175 1154 etiam
1206 1116 1247 1155 in
1277 1117 1371 1169 ipsis
1402 1118 1577 1172 Aeschyli
1606 1121 1825 1173 tragoediis,

308 1185 426 1225 veluti
457 1184 498 1223 in
530 1183 779 1236 Supplicibus
812 1187 851 1222 et
879 1182 921 1222 in
952 1182 1246 1232 Eumenidibus‚
1283 1185 1524 1227 concinentis
1569 1194 1608 1229 et
1651 1190 1826 1231 saltantis

309 1254 416 1295 chori
438 1266 551 1306 saepe
574 1265 663 1293 cum
684 1257 859 1292 actorum
881 1264 1044 1292 munere
1066 1252 1367 1304 coniungebant.
1414 1255 1662 1308 Quapropter
1690 1255 1828 1296 licebat

307 1325 353 1364 iis
385 1323 426 1363 in
456 1329 626 1374 utroque
655 1323 740 1362 loco
771 1321 917 1362 versari
961 1325 1001 1360 et
1029 1320 1071 1360 in
1102 1322 1300 1362 orchestra
1347 1326 1385 1361 et
1414 1321 1457 1361 in
1502 1333 1654 1371 scaena,
1701 1322 1828 1362 donec

311 1389 514 1442 Sophoclis
561 1394 599 1429 et
628 1388 823 1441 Euripidis
868 1394 1005 1437 aetate,
1051 1391 1209 1431 mutatis
1254 1391 1440 1443 paulatim
1485 1390 1592 1431 chori
1636 1390 1825 1444 partibus,

311 1472 399 1500 cum
446 1470 653 1510 nunquam
698 1459 780 1498 fere
824 1459 908 1511 ipse
947 1463 1075 1510 ageret
1118 1459 1300 1507 fabulam,
1346 1459 1414 1499 sed
1458 1464 1613 1499 tantum
1656 1459 1826 1512 probans

310 1527 585 1580 improbansve
615 1526 852 1567 histrionum
882 1527 982 1568 facta
1021 1527 1251 1581 spectatoris
1289 1527 1372 1568 fere
1401 1528 1503 1568 vices
1533 1528 1730 1568 videretur
1760 1541 1828 1568 ex-

312 1598 418 1651 plere
447 1602 558 1636 extra
588 1608 722 1636 rerum
767 1596 909 1636 seriem
953 1597 1082 1650 positi,
1126 1597 1274 1637 factum
1320 1602 1389 1644 est,
1437 1603 1480 1637 ut
1523 1610 1574 1637 nc
1619 1597 1826 1638 choreutae

313 1667 471 1720 quidem
503 1665 545 1705 in
576 1678 757 1706 scaenam
788 1666 1013 1719 prodirent,
1048 1666 1161 1707 sicuti
1190 1679 1392 1720 nunquam
1424 1665 1633 1707 histriones
1677 1666 1718 1706 in
1762 1678 1827 1706 or·-

315 1736 519 1777 chestram.
1729 1733 1738 1743 '

426 1805 548 1845 Erant
568 1807 697 1844 autem
718 1804 909 1857 principia
938 1804 1011 1853 illa,
1045 1817 1142 1858 quae
1163 1805 1281 1845 modo
1313 1804 1604 1853 enarravimus,
1634 1804 1691 1845 rei
1721 1817 1830 1845 scae-

314 1876 424 1916 nicae
462 1879 552 1915 ante
581 1873 813 1926 Aeschylum
858 1873 967 1913 rudia
1013 1879 1128 1926 atque
1177 1873 1335 1914 inculta.
1394 1874 1477 1914 Etsi
1520 1874 1624 1914 enim
1653 1873 1830 1926 Thespis,

317 1957 434 1998 quem
467 1944 557 1983 inde
588 1942 635 1983 ab
669 1942 820 1995 Olymp.
852 1942 902 1982 61
937 1942 1113 1983 floruisse
1142 1942 1416 1997 accepimusss),
1462 1943 1611 1996 primus
1656 1942 1833 1983 adhibuit

316 2013 600 2063 histrionem4)‚
634 2012 698 2064 qui
728 2012 858 2065 plures
890 2012 1075 2065 deinceps
1106 2012 1302 2064 suscipere
1337 2018 1468 2066 posset
1496 2018 1641 2065 partes,
1671 2024 1833 2065 praeva-

319 2167 351 2189 v.
379 2155 441 2188 757
469 2165 541 2187 cum
566 2153 812 2196 Agamemnone
837 2152 871 2184 in
897 2153 1102 2185 orchestram
1126 2162 1228 2185 curru
1252 2152 1410 2194 advecta,
1434 2157 1607 2196 postquam
1631 2151 1834 2194 Agamemno

319 2214 354 2246 in
379 2212 507 2254 regiam
530 2210 684 2253 intravit,
710 2210 782 2242 sola
808 2210 841 2242 in
867 2210 1022 2243 vehiculo
1049 2210 1171 2243 relicta
1196 2210 1231 2243 in
1253 2210 1427 2243 orchestra
1444 2214 1566 2252 manet,
1591 2209 1725 2243 scilicet
1748 2209 1835 2243 nihil

319 2271 379 2303 illa
417 2270 547 2313 quidem
584 2271 737 2312 chorum,
775 2268 831 2311 qui
867 2268 990 2301 circum
1022 2267 1114 2300 circa
1147 2268 1267 2311 saltat,
1303 2277 1425 2300 curans
1456 2277 1560 2311 neque
1591 2267 1664 2310 ipsa
1689 2277 1709 2300 a
1732 2267 1834 2300 choro

322 2333 496 2372 respecta,
534 2327 638 2360 donec
662 2326 935 2370 Clytaemnestra
971 2337 1004 2359 v.
1031 2325 1116 2358 1005
1142 2335 1184 2358 ex
1208 2325 1301 2367 regia
1326 2335 1462 2367 egressa
1485 2335 1558 2358 eam
1582 2324 1722 2367 invitat,
1756 2329 1794 2357 ut
1818 2334 1836 2357 e

323 2396 425 2419 curru
449 2385 650 2418 descendens
675 2394 783 2417 secum
810 2383 937 2417 veniat.

416 2442 438 2484 1)
463 2442 549 2475 Plu
561 2447 576 2474 t
590 2452 608 2474 a
621 2453 638 2474 r
651 2453 667 2474 c
680 2442 712 2474 h.
737 2441 765 2473 D
779 2451 796 2474 e
810 2451 841 2474 m
855 2452 872 2474 e
885 2446 900 2474 t
913 2452 939 2474 r.
967 2452 995 2473 c.
1021 2440 1075 2473 34.
1093 2436 1199 2478 αὐτὸς
1215 2439 1253 2475 δὲ
1269 2436 1435 2482 καταβὰς,
1453 2435 1579 2485 ὥσπερ
1596 2437 1630 2471 οἱ
1647 2437 1837 2486 τραγῳδοὶ,

325 2498 396 2534 διὰ
423 2500 506 2535 τῶν
528 2495 615 2533 ἅνω
639 2493 867 2545 παρόδων·
938 2497 1122 2532 Polluc.
1148 2498 1386 2531 Onomast.
1410 2496 1466 2530 IV.
1494 2495 1568 2529 126.
1594 2495 1671 2543 παῤ
1686 2489 1836 2542 ἑκάτερα
1887 2528 1891 2532 ,

325 2558 365 2593 δὲ
389 2559 462 2593 τῶν
486 2553 551 2591 δύο
576 2557 699 2604 θυρῶν
722 2558 791 2591 τῶν
815 2556 901 2602 περὶ
917 2552 980 2598 τὴν
996 2555 1111 2600 μέσην
1135 2553 1238 2589 ἄλλαι
1260 2552 1324 2589 δύο
1348 2553 1419 2589 εἶεν
1441 2549 1496 2595 ἂν,
1520 2555 1588 2598 μία
1605 2552 1837 2600 ἑκατέρωθεν,

324 2613 417 2662 πρὸς
441 2612 486 2651 ἂς
511 2614 548 2647 αἱ
572 2615 759 2659 περίακτοι
784 2608 1082 2658 συμπεπήγασιν.

416 2672 444 2713 ²)
469 2672 527 2705 De
554 2681 601 2704 re
627 2672 829 2705 scenica
854 2671 899 2704 in
924 2671 1166 2715 Aeschyli
1192 2672 1412 2705 Oresten.
1438 2668 1529 2712 Lips.
1556 2667 1651 2701 1846.
1677 2679 1706 2712 p.
1731 2669 1763 2702 4.

417 2729 442 2771 ³)
469 2730 576 2763 Suid.
590 2741 621 2763 v.
638 2730 756 2763 Θέσπ
768 2740 815 2766 ις.
830 2748 873 2753 -
885 2727 1024 2767 ἐδίδαξε
1036 2727 1074 2762 δὲ
1090 2729 1155 2762 ἐπὶ
1171 2729 1230 2772 τῆς
1243 2722 1383 2776 πρώτης
1398 2728 1459 2761 καὶ
1477 2721 1504 2766 ξ’
1521 2721 1837 2771 Ὀλυμπίαδος.-

329 2788 481 2822 Clintoni
506 2788 597 2821 Fast.
623 2787 754 2820 Hellen.
780 2798 809 2820 a.
836 2787 912 2820 535.
936 2785 1058 2819 Chron.
1084 2785 1159 2819 Par.
1185 2787 1238 2820 58.
1263 2797 1293 2829 p.
1318 2785 1394 2819 301.
1422 2783 1561 2818 Boeckh.

417 2844 446 2887 ¹³)
470 2845 664 2887 Diogen.
692 2845 847 2879 Laert.
872 2844 924 2879 111.
950 2844 1004 2878 56.
