2014 3204
899 275 1208 314 ——140—

292 394 494 437 auctorem
524 389 604 429 sint
633 389 851 436 referenda,
901 389 949 429 de
994 402 1035 429 ea
1073 402 1116 429 re
1161 389 1257 429 certi
1303 389 1488 430 affirmari
1533 390 1631 431 nihil
1673 396 1813 444 potest.

293 460 527 511 Quanquam
558 457 621 497 vix
651 457 853 510 probabile
884 462 964 505 est,
996 470 1086 497 eum
1118 458 1186 510 qui
1230 457 1410 510 inprimis
1456 464 1652 510 spectaret
1693 460 1815 512 ipsius

292 538 456 566 scaenae
502 526 845 578 magnificentiam,
894 525 1124 573 instituisse,
1175 539 1273 578 quae
1317 527 1439 578 magis
1484 527 1530 566 ad
1576 527 1813 568 histrionum

293 595 511 643 commoda,
543 607 659 646 quam
692 595 739 634 ad
771 605 932 634 scaenae
962 593 1132 645 speciem
1164 593 1422 645 pertinerent.

408 662 807 715 llyposcaenium
830 662 1010 714 denique,
1043 662 1091 701 de
1122 675 1200 714 quo
1221 661 1298 701 iam
1331 662 1540 702 dicendum
1572 668 1643 710 est,
1665 664 1716 704 ita
1748 664 1817 705 de·—

291 731 493 772 scribitur:
554 731 672 770 Poll.
706 730 870 770 Onom.
902 730 962 770 IV.
998 730 1089 769 124.
1135 729 1184 770 τὸ
1217 727 1264 769 δὲ
1294 726 1564 785 ὑποσκήνιον
1594 727 1712 772 κίοσι
1742 729 1816 772 καὶ

293 795 585 852 ἀγαλματίοις
616 795 881 852 ἐκεκόσμητο
904 796 1013 852 πρὸς
1040 795 1088 838 τὸ
1111 798 1303 852 θέατρον
1333 800 1640 853 τετραμμένον.
1691 800 1816 847 Quem

290 869 420 908 locum
453 880 542 908 cum
589 867 741 919 pridem
789 872 1019 920 corruptum
1051 879 1136 906 esse
1166 866 1402 907 iudicassem
1434 868 1500 916 ita,
1532 873 1576 908 ut
1605 868 1815 920 legendum

293 948 499 977 censerem
531 933 866 989 προσκήνιον
896 948 966 987 pro
996 929 1369 989 ὑποσκήνιον,
1402 936 1706 988 hyposcaenium
1727 941 1818 989 post

291 1017 473 1046 scaenam
507 1004 626 1044 situm
659 1016 745 1044 esse
776 1004 1016 1051 existimans,
1062 1015 1169 1043 nunc
1202 1003 1463 1043 mutationem
1509 1005 1669 1056 quidem
1714 1004 1816 1044 haud

291 1073 550 1113 necessariam
585 1085 672 1112 esse
703 1072 799 1112 mihi
829 1072 1019 1125 persuasi.
1080 1071 1150 1111 Est
1195 1071 1302 1111 enim
1346 1072 1669 1124 hyposcaeffium,
1713 1072 1818 1125 quod

292 1154 340 1181 ex
369 1141 453 1193 ipsa
484 1140 659 1181 vocabuli
690 1140 839 1192 origine
871 1141 1130 1192 cognoscitur,
1168 1139 1277 1180 loeus
1307 1141 1380 1180 suh
1411 1141 1561 1192 pulpito
1594 1141 1673 1181 sive
1704 1142 1817 1192 logeo

291 1210 402 1257 situs,
450 1208 568 1260 euius,
607 1208 846 1248 anteriorem
891 1214 1056 1260 partem,
1107 1219 1207 1260 quae
1258 1208 1338 1247 sola
1384 1207 1707 1260 conspiciebatur,
1752 1221 1819 1248 or-

294 1278 476 1318 chestrae
499 1276 796 1324 conterminam,
818 1276 946 1328 parvis
964 1276 1084 1328 signis
1101 1282 1216 1328 atque
1239 1275 1432 1315 columnis
1454 1281 1681 1316 exornatam
1701 1276 1822 1316 fuisse

293 1345 392 1387 dicit
414 1346 564 1386 Pollux.
597 1344 860 1385 Versabantur
882 1350 1012 1385 autem
1034 1345 1077 1384 in
1108 1357 1154 1384 eo
1185 1343 1349 1383 umbrae
1371 1348 1632 1392 mortuorum,
1663 1344 1820 1398 aliique,

292 1415 360 1467 qui
391 1427 436 1454 ex
466 1414 602 1454 inferis
634 1413 788 1454 excitati
811 1414 1127 1466 anapiesmatum
1158 1425 1232 1464 ope
1262 1412 1527 1452 ascendebant
1556 1412 1596 1451 in
1627 1423 1820 1458 scaenam,

296 1483 417 1523 veluti
447 1482 551 1522 Darii
580 1481 716 1521 idolon
760 1482 801 1521 in
832 1481 1009 1533 Aeschyli
1054 1480 1195 1523 Persis,
1229 1480 1560 1532 Clytaemnestrae
1603 1480 1644 1519 in
1673 1480 1822 1521 Eume-

293 1551 461 1591 nidibus.
525 1550 603 1590 Sed
635 1550 786 1590 etiamsi
815 1549 958 1601 partim
999 1561 1063 1588 me
1108 1554 1192 1588 tum
1236 1560 1385 1589 errasse
1431 1548 1633 1596 confiteor,
1678 1549 1821 1600 partim

292 1625 428 1659 tamen
460 1619 686 1659 etiamnunc
714 1618 868 1658 retineo
901 1629 1018 1669 quam
1048 1616 1140 1655 olim
1172 1628 1455 1668 proposueram
1486 1617 1738 1663 sententiam,
1768 1616 1821 1656 ita

289 1692 335 1728 ut
364 1688 439 1727 iam
474 1686 669 1738 duplicem
700 1686 824 1726 fuisse
856 1690 1025 1725 statuam
1058 1684 1310 1736 hyposcaenii
1341 1683 1681 1735 significationem.
1741 1685 1819 1724 De-

291 1756 421 1807 signat
453 1755 557 1795 enim
590 1767 671 1795 non
701 1755 828 1795 solum
861 1755 991 1794 locum
1023 1752 1111 1793 sub
1142 1752 1372 1805 proscaenio
1403 1752 1543 1799 situm,
1589 1752 1661 1792 sed
1701 1751 1819 1792 etiam

290 1825 420 1863 locum
474 1829 585 1875 post
619 1835 803 1864 scaenam
849 1822 982 1868 situm,
1029 1821 1145 1861 sicuti
1190 1820 1501 1860 luculentissime
1547 1820 1820 1861 demonstrant

290 1893 386 1932 haec
416 1897 594 1932 veterum
625 1891 863 1943 scriptorum
910 1890 1146 1930 documenta
1177 1889 1293 1928 Poll.
1327 1888 1580 1929 Onomast.
1628 1889 1689 1929 lV.
1725 1887 1817 1928 128.

295 1959 383 2000 Καὶ
413 1959 462 2001 τὸ
493 1959 574 2013 μὲν
594 1954 840 2014 ἕκκύκλημα
871 1957 948 1999 ἐπὶ
971 1955 1122 2005 ξύλων,
1152 1954 1325 2012 ὑψηλὸν
1354 1955 1554 2011 βάθρον,
1588 1952 1622 2011 ᾦ
1652 1955 1821 1998 ἐπίκει-

290 2044 363 2069 ται
400 2026 581 2080 θρόνος·
615 2026 811 2070 δείκνυσι
842 2026 891 2067 δὲ
921 2026 1011 2067 καὶ
1040 2025 1102 2066 τὰ
1131 2021 1236 2066 ὑπὸ
1266 2023 1361 2079 τὴν
1391 2024 1587 2079 σκηνήν
1628 2024 1675 2066 ἒν
1722 2030 1821 2072 ταῖς

292 2098 457 2145 οἰκίαις
488 2094 717 2151 ἇπόρῥητα
747 2097 1022 2150 πραχθέντα.
1082 2094 1326 2134 Philostr.
1373 2094 1453 2133 vit.
1486 2093 1641 2145 Apoll.
1674 2093 1732 2133 VI.
1767 2094 1814 2132 11

291 2180 327 2218 p.
361 2166 456 2206 244.
490 2165 616 2205 Olear.
648 2163 696 2204 τό
729 2161 830 2204 ὑπὸ
870 2162 1065 2217 σκηνῆς
1111 2160 1417 2215 ἀποθνήσκειν
1461 2158 1713 2214 ἐπενόησεν,
1760 2154 1820 2206 οἷς

290 2233 348 2288 μὴ
381 2232 427 2274 ἐν
458 2232 635 2288 φανερῷ
657 2230 863 2285 σφάττοι.
910 2231 1148 2271 Philostr.
1182 2231 1258 2270 vit.
1293 2230 1427 2282 soph.
1460 2229 1488 2268 Ι.
1521 2228 1559 2268 9.
1595 2229 1630 2266 1.
1662 2241 1698 2280 p.
1723 2226 1818 2267 482.

292 2302 544 2342 Plutarch.
577 2301 804 2341 Phocion
836 2314 867 2340 e.
900 2301 938 2340 5.
971 2300 1030 2339 ed.
1063 2299 1212 2338 Hutten
1257 2294 1330 2336 καὶ
1374 2298 1524 2349 μέντοι
1569 2295 1642 2335 καὶ
1688 2292 1820 2336 αὐτόν

291 2385 401 2411 ποτε
433 2365 650 2410 Φωκίωνά
680 2379 809 2423 φασι,
858 2367 1166 2422 πληρουμένου
1211 2365 1289 2406 τοῦ
1318 2363 1512 2419 θεάτρου
1553 2369 1820 2418 περιπατεῖν

290 2435 396 2480 ὑπὸ
429 2437 644 2492 σκηνήν,
677 2431 813 2478 αὐτὸν
843 2434 949 2478 ὄντα
983 2433 1096 2489 πρὸς
1128 2433 1267 2488 ἑαυτῷ
1307 2432 1384 2485 τήν
1428 2430 1644 2473 διάνοιαν.
1703 2432 1820 2472 Plu-

294 2507 448 2548 tarch.
479 2508 604 2546 Arat.
641 2505 703 2545 12.
736 2502 950 2559 πρότερον
982 2503 1065 2558 γάρ
1095 2501 1210 2557 ἡμᾶς
1239 2495 1481 2556 ὑπερεώρα,
1511 2506 1609 2547 ταῖς
1639 2498 1819 2541 ἐλπίσιν

292 2574 374 2622 ἔξω
407 2573 597 2628 βλέπων,
628 2572 703 2614 καὶ
730 2572 807 2614 τὸν
841 2567 1096 2623 Αἰγύπτιον
1126 2568 1352 2623 ἐθαύμαζε
1383 2567 1590 2616 πλοῦτον,
1635 2566 1729 2608 νυνὶ
1776 2565 1818 2608 δ’

292 2641 317 2685 ὖ
328 2642 397 2684 πὸ
428 2642 630 2697 σκηνην
660 2637 864 2696 ἑωρακώς
896 2638 1043 2681 πάντα
1072 2639 1127 2679 τὰ
1157 2638 1248 2679 ἐκεῖ
1290 2635 1529 2692 πράγματα
1570 2633 1820 2690 τραγῳδίαν

289 2708 397 2753 ὄντα
427 2711 501 2751 καὶ
532 2712 863 2765 σκηνογραφίαν
893 2705 993 2756 ὅλος
1022 2703 1130 2762 ἡμῖν
1162 2700 1532 2761 προσκεχώρηκεν.
1580 2703 1738 2744 Schol.
1769 2704 1817 2744 ad

258 2825 260 2827 ‚
292 2779 457 2820 Aesch.
490 2779 746 2819 Eumenid.
780 2791 812 2817 v.
846 2779 911 2817 47.
945 2773 1089 2817 εὕδει
1121 2774 1401 2826 γυναικῶν]
1433 2770 1511 2823 οὐχ
1553 2768 1611 2819 ὠς
1640 2771 1818 2826 διηγουψ

293 2850 399 2901 μένη
446 2847 501 2887 τὰ
545 2843 644 2888 ὑπὸ
689 2845 781 2900 την
824 2843 1016 2898 σκηνήν
1056 2859 1091 2884 κ.
1123 2857 1159 2883 τ.
1190 2842 1226 2883 λ.
1298 2843 1343 2882 ln
1387 2842 1449 2882 his
1495 2841 1679 2881 omnibus
1723 2841 1818 2880 locis

294 2916 539 2970 apertissime
572 2913 658 2956 ὑπὸ
692 2915 847 2969 σκηνῆς
889 2919 926 2953 et
970 2907 1059 2954 ὑπὸ
1092 2909 1248 2966 σκηνήν
1292 2909 1484 2961 significat
1527 2914 1639 2961 post
1683 2921 1819 2948 scae-
