2014 3204
948 179 1258 222 —228—

339 294 508 334 maxime
525 295 728 335 excelleret
746 292 784 344 ¹).
817 295 899 335 Hoc
915 301 1047 336 autem
1063 298 1162 337 adeo
1176 304 1235 337 est
1252 299 1533 348 necessarium,
1551 305 1596 341 ut
1612 315 1658 342 eo
1671 302 1864 354 neglecte,

338 363 443 414 quod
460 375 567 403 nunc
588 363 718 415 ipsum
735 363 962 415 saepissime
984 366 1159 406 accidere
1177 367 1352 408 videmus
1363 369 1408 418 2),
1434 369 1492 409 vel
1508 370 1646 410 eximia
1664 371 1866 412 histrionis

340 442 401 471 ars
424 436 562 471 noceat
591 432 678 483 plus
710 445 827 483 quam
858 433 984 485 prosit
1015 433 1170 475 fabulae
1201 435 1265 483 ita,
1295 442 1338 476 ut
1367 443 1482 489 poeta
1514 438 1646 485 voluit,
1677 440 1862 490 agendae.

451 500 606 547 Quanta
638 512 730 540 vero
760 507 917 553 praeter
946 502 1243 543 varietatem
1289 505 1424 544 vocis
1454 505 1622 557 flagitata
1664 507 1716 547 sit
1758 508 1864 549 vocis

336 568 393 607 vis
411 573 527 620 atque
549 569 843 621 amplitudo,
873 570 910 609 id
932 583 978 609 ex
999 571 1148 623 ingenti
1170 572 1430 620 theatrorum,
1447 586 1546 625 quae
1568 575 1673 627 apud
1695 574 1864 617 Graecos

335 642 459 687 erant,
494 638 765 689 magnitudine
798 638 1000 678 diiudicari
1031 645 1169 691 potest.
1231 641 1327 681 Nam
1375 654 1463 681 cum
1502 642 1619 682 hodie
1658 643 1719 683 vix
1758 644 1864 684 mille

332 704 558 746 hominibus
587 706 800 746 histriones
822 707 1046 746 satisfacere
1066 707 1231 759 possint,
1263 714 1450 760 quantam
1482 710 1604 751 fuisse
1638 712 1864 763 putabimus

333 773 490 813 illorum
523 775 798 825 tragoedorum
831 788 986 823 vocem,
1034 776 1099 828 qui
1146 777 1203 816 vel
1234 790 1253 816 a
1287 778 1422 830 viginti
1454 779 1624 819 millibus
1654 780 1862 821 hominum

331 842 372 881 in
404 843 556 882 theatro
588 843 801 884 recitantes
833 844 884 883 ita
916 850 1101 896 poterant
1133 846 1271 893 audiri,
1316 852 1358 886 ut
1387 846 1499 887 facile
1529 848 1860 890 animadvertere—

331 916 407 958 tur,
442 924 535 951 num
569 913 626 951 vel
658 912 876 952 levissimus
907 913 1071 965 spiritus
1107 913 1148 953 in
1180 916 1473 966 pronuntiando
1505 921 1611 956 esset
1641 918 1860 968 neglectus.

328 979 487 1020 Poterat
517 992 611 1020 sane
643 982 690 1021 ad
723 982 939 1032 augendam
972 981 1210 1021 histrionum
1245 995 1379 1022 vocem
1413 984 1595 1025 nonnihil
1627 986 1753 1026 valere
1782 986 1861 1026 lar-

329 1061 464 1088 varum
497 1061 593 1088 usus
624 1062 669 1089 ac
698 1049 920 1102 proprietas
932 1049 976 1100 ³),
1022 1055 1205 1102 poterant
1235 1051 1380 1103 aliquid
1412 1055 1588 1093 conferre
1618 1050 1745 1108 ἧχεῖα
1782 1054 1858 1103 illa,

330 1116 371 1156 in
403 1117 557 1157 theatro
589 1118 829 1167 collocata4),
876 1131 977 1170 quae
1008 1118 1131 1170 qualia
1165 1120 1313 1158 suerint
1357 1121 1484 1160 adhuc
1528 1121 1738 1163 obscurum
1785 1128 1857 1171 est,

327 1190 484 1236 poterat
516 1186 685 1226 multum
717 1187 871 1226 efficere
902 1192 1067 1226 naturae
1099 1188 1290 1239 quaedam
1322 1189 1578 1239 praestantia,
1624 1190 1694 1229 sed
1732 1191 1857 1243 pluri-

326 1265 436 1292 mum
469 1259 601 1294 tamen
624 1254 876 1294 tribuendum
899 1255 1054 1294 videtur
1074 1255 1261 1306 singulari
1283 1256 1521 1297 histrionum
1551 1257 1623 1297 arti
1655 1270 1699 1297 ac
1719 1258 1856 1299 labori.

441 1321 518 1369 Qui
551 1323 712 1375 quidem
745 1323 795 1363 ita
828 1323 1052 1363 serviebant
1082 1324 1177 1369 voci,
1223 1329 1268 1363 ut
1302 1337 1380 1365 non
1427 1325 1554 1365 solum
1599 1326 1640 1365 in
1683 1326 1854 1368 bibendo

327 1390 563 1443 edendoque
594 1403 748 1431 summa
780 1396 989 1431 uterentur
1026 1391 1245 1443 frugalitate
1289 1393 1394 1445 iique
1437 1394 1730 1445 exagitarentur
1773 1401 1856 1436 tra-

322 1459 449 1511 goedi,
497 1460 563 1512 qui
594 1460 721 1500 ventri
765 1460 884 1501 nimis
915 1460 1164 1512 indulgentes
1211 1463 1294 1501 voci
1341 1463 1576 1514 nocerent5),
1623 1464 1691 1503 sed
1737 1464 1854 1505 etiam

417 1655 442 1694 ¹)
469 1654 553 1688 Cic.
592 1640 721 1687 divi-n.
758 1655 799 1687 in
837 1655 991 1690 Caecil.
1024 1667 1052 1688 c.
1082 1656 1133 1689 14.
1159 1656 1180 1699 ξ
1204 1657 1259 1689 48.
1286 1656 1327 1690 Ut
1351 1658 1385 1688 in
1410 1657 1580 1690 actoribus
1608 1656 1748 1691 Graecis
1767 1658 1854 1701 fieri

319 1711 471 1745 videmus
495 1723 599 1756 saepe
621 1711 730 1753 illum,
757 1714 816 1754 qui
837 1715 888 1744 est
913 1712 1139 1746 secundarum
1163 1716 1222 1745 aut
1247 1715 1431 1746 tertiarum
1454 1716 1616 1757 parti-um,
1643 1725 1720 1749 eum
1742 1718 1851 1760 possit

319 1770 492 1812 aliquanto
527 1770 654 1802 clarius
677 1771 785 1804 dicere
820 1781 923 1813 quam
959 1772 1028 1814 ipse
1060 1773 1275 1814 primarum„
1313 1769 1459 1803 multam
1493 1772 1703 1806 submittere.
1727 1775 1768 1805 ut
1790 1772 1851 1806 ille

314 1828 475 1871 princeps
499 1838 600 1870 quam
626 1830 782 1860 maa-ime
805 1826 969 1860 eoecellat:
995 1829 1043 1860 sic
1059 1830 1181 1871 sac-iet
1208 1828 1366 1861 Alienus:
1390 1829 1451 1860 tibi
1471 1830 1596 1863 serviet
1612 1830 1675 1862 tibi
1687 1829 1852 1864 lenocina-

321 1885 424 1926 bz'tur,
442 1886 557 1918 miuus
574 1885 746 1928 aliquanto
764 1885 949 1926 contendet,
967 1896 1066 1928 quam
1079 1888 1192 1929 potest.

413 1943 440 1984 ²)
466 1943 691 1987 chidissime
717 1944 858 1984 vulgare
890 1947 1081 1975 nostrorum
1113 1943 1317 1975 histrionum
1352 1952 1456 1984 genus
1488 1944 1693 1986 perstrinxit
1717 1945 1773 1977 vir
1799 1945 1850 1977 in-

321 2001 473 2043 corrupti
498 2001 618 2033 iudicii
644 2001 681 2033 E.
715 1999 879 2033 I‘iossak
910 2000 1203 2041 commentatione,
1240 2011 1324 2043 quae
1356 2001 1519 2042 inscripta
1545 2005 1613 2033 est:
1651 2001 1847 2042 „Mimen-

317 2056 478 2090 bilder.
520 2058 595 2090 Die
616 2058 784 2091 kleinen
803 2058 1023 2090 Meister.“
1041 2057 1075 2090 in
1093 2057 1370 2090 Schlesische
1392 2057 1694 2098 Zeitung1858.
1712 2058 1774 2091 No.
1793 2058 1847 2092 39,

410 2113 434 2154 ³)
462 2113 511 2146 Cf.
541 2114 775 2155 Wieseler,
800 2112 1096 2154 Theatergcb'aude
1122 2112 1187 2143 und
1212 2111 1414 2145 Deukmiiler
1439 2113 1496 2145 des
1525 2114 1808 2148 Biihneuwesens.

412 2170 441 2212 4)
467 2171 632 2206 Vitruv.
658 2172 699 2206 V.
726 2172 758 2214 5,
784 2172 815 2204 2.
842 2171 922 2204 ibid.
948 2171 970 2204 1.
1001 2173 1029 2212 1,
1054 2169 1086 2203 9.

407 2227 435 2268 ⁶)
462 2229 581 2261 Athen.
611 2228 692 2262 vlu.
723 2229 798 2261 344.
826 2230 856 2261 d.
883 2230 1072 2264 Mum'crxog
1097 2224 1116 2259 ὀ
1134 2223 1301 2271 τραγικὸς
1318 2223 1512 2270 ὑποκριτὴς
1529 2228 1747 2272 κωμῳδεῖται
1769 2225 1842 2262 ὑπὸ

313 2280 512 2321 Πλάτωνος
534 2285 574 2319 ἐν
596 2278 765 2331 Σύρφακι
791 2283 836 2322 ὡς
860 2282 1064 2330 ὀψοφάγος.
1116 2283 1261 2317 Athen.
1288 2282 1371 2317 Vlll.
1398 2284 1473 2317 343.
1499 2295 1527 2317 e.
1555 2285 1577 2318 f.
1601 2281 1798 2330 ὀψοφάγος
1814 2284 1845 2318 δ’

314 2337 362 2382 ἦν
383 2342 445 2375 καὶ
469 2342 650 2380 Λεοντεὺς
674 2339 693 2376 ὁ
714 2341 867 2386 Ἀργεῖος
890 2339 1096 2386 τραγῳδὸς,
1117 2339 1333 2384 Ἀθηνίωνος
1355 2340 1424 2385 μὲν
1445 2340 1622 2386 μαθητὴς,
1645 2342 1782 2384 οἰκέτης
1805 2341 1847 2375 δὲ

311 2394 511 2443 γενόμενος
543 2395 638 2443 Ἰόβα
673 2401 738 2432 τοῦ
767 2402 1019 2442 Νίαυρουσίων
1047 2399 1237 2442 βασιλέως,
1263 2395 1312 2435 ὥς
1336 2409 1449 2443 φησιν
1465 2394 1686 2443 Ἀμάραντος
1708 2398 1748 2433 ἐν
1771 2401 1847 2435 τοῖς

314 2456 400 2500 περὶ
426 2456 569 2498 σκηνῆς,
593 2457 813 2503 γεγραφέναι
838 2449 992 2501 φάσκων
1016 2457 1065 2492 εἰς
1089 2452 1198 2489 αὐτὸν
1222 2454 1305 2488 τόδε
1330 2453 1368 2488 τὸ
1394 2455 1608 2501 ἐπίγραμμα
1634 2453 1698 2489 τὸν
1719 2451 1845 2499 Ἰόβαν,

312 2508 374 2545 ὅτε
399 2513 515 2550 κακῶς
538 2510 603 2555 τὴν
624 2508 837 2555 “Υψιπύλ·ην
862 2509 1099 2555 ὑπεκρίνατο·

581 2565 650 2612 ΝΙή
675 2580 722 2614 με
745 2570 931 2612 Λεοντῆος
955 2569 1125 2613 τραγικοῦ
1150 2566 1403 2615 κιναρηφάγου
1427 2563 1520 2610 ἦθος

625 2623 790 2661 λεύσσων
810 2623 1011 2670 (Υψιπύλης
1034 2626 1070 2662 ἐς
1094 2623 1210 2660 κακὸν
1234 2622 1318 2673 ἧτορ
1343 2622 1422 2672 ὅρα.

579 2681 679 2727 ἤμην
701 2681 774 2729 γὰρ
798 2684 879 2716 ποτ’
905 2679 974 2726 ἐγώ
1000 2680 1137 2725 Βάκχῳ
1162 2684 1279 2727 φίλος,
1304 2680 1396 2716 οὐδέ
1438 2679 1503 2716 τιν’
1529 2673 1598 2716 ὦδε

622 2742 736 2788 γῆρυν
754 2734 995 2787 χρυσολόβοις
1019 2737 1147 2773 οὔασιν
1171 2736 1346 2784 ἠγάσατο.

492 2798 568 2831 νῦν
593 2797 640 2830 δέ
661 2808 713 2841 με
734 2792 1032 2841 χυτρόποδες,
1056 2798 1245 2842 κέραμοι
1262 2797 1335 2830 καὶ
1361 2794 1464 2843 ξηρὰ
1492 2794 1662 2842 τάγηνα

531 2847 742 2900 χήρωσαν
766 2855 909 2900 φωνῆς
933 2855 1096 2899 γαστρὶ
1115 2852 1434 2901 χαριζόμενον.
