2014 3204
950 254 1260 294 -190—

343 373 406 413 alii
438 373 660 425 chlamydes
689 371 859 412 comicas
890 384 956 412 eas
987 370 1171 421 fuisse1)‚
1211 370 1274 410 alii
1305 381 1460 410 croceas
1490 373 1619 409 vestes
1633 367 1680 419 ²),
1717 369 1779 409 alii
1811 365 1871 410 vel

341 441 383 481 in
415 440 692 494 epiblematum
716 452 929 480 numerum
952 453 1015 480 eas
1036 439 1215 479 referunt
1228 437 1273 487 ³),
1304 437 1499 479 Beckerus
1521 437 1645 490 probe
1664 437 1870 487 intellexit,

341 521 424 549 non
453 514 536 549 tam
565 509 781 549 formam
811 509 888 550 hoc
909 508 1138 550 vocabulum
1162 507 1366 558 designare
1395 506 1491 546 certi
1513 500 1717 547 cuiusdam
1747 507 1871 547 vesti-

341 582 565 618 mentorum
599 577 768 630 generis,
800 590 918 629 quam
950 582 1193 617 naturam.
1241 575 1362 615 Aliter
1392 575 1499 616 onim
1530 575 1638 615 nullo
1669 575 1788 616 modo
1808 575 1874 616 in-

341 658 596 687 numerarum
618 647 680 687 illa
702 646 1007 699 explicationum
1030 645 1290 698 discrepantia
1313 644 1487 697 expediri
1506 648 1648 697 potest.
1694 644 1874 696 Namque

341 715 474 755 omnio
496 720 667 755 vestes
689 720 805 755 sunt
835 713 1129 756 tenuissimi
1158 713 1256 761 fili,
1287 713 1516 765 pellucidae,
1548 723 1644 765 quas
1676 711 1770 752 etin
1791 711 1875 764 epi-

339 784 554 824 hlematum
577 789 616 823 et
637 783 677 823 in
700 784 951 837 endymatum
974 794 1143 823 numero
1164 782 1297 830 fuisse,
1328 787 1373 822 ut
1392 794 1461 834 per
1481 795 1524 822 se
1544 785 1662 834 patet,
1682 780 1735 820 ita
1755 779 1874 820 Pol-

339 852 471 892 lucis
511 853 750 892 documento
790 853 1006 894 indicatum
1050 855 1133 898 est,
1175 850 1421 890 Onomast.
1451 849 1527 889 VII.
1560 848 1628 890 48.
1661 847 1727 888 49.
1759 861 1874 889 κοι-

339 920 406 962 νὰ
427 919 483 960 δὲ
505 917 712 974 ἀνδρῶν
733 918 1125 972 καὶγυναικῶν
1157 948 1166 958 .
1199 949 1208 958 .
1241 915 1410 965 ξυστόν,
1444 916 1604 966 ξυστίς,
1638 911 1808 971 ἔνδυμοῖ
1827 930 1874 957 τε

339 984 453 1043 ὁμοῦ
469 988 543 1029 καὶ
575 987 827 1043 περίβλημα
849 990 922 1030 καὶ
943 985 1090 1042 χιτών.
1138 987 1249 1036 Quod
1272 987 1306 1027 si
1336 999 1475 1027 omnes
1511 986 1714 1027 tenuiores
1745 989 1873 1025 vestes

341 1071 387 1097 eo
404 1058 565 1098 nomine
588 1057 866 1110 significantur,
883 1071 965 1098 non
983 1058 1141 1106 mirum,
1160 1056 1265 1109 quod
1284 1056 1397 1096 multi
1414 1056 1651 1096 feminarum
1668 1054 1872 1108 proprium

338 1126 435 1166 illud
466 1125 790 1166 vestimentorum
822 1139 949 1178 genus
981 1131 1235 1173 censuerunt,
1267 1137 1520 1177 quamquam,
1551 1129 1595 1164 ut
1624 1124 1760 1164 Pollux
1788 1134 1874 1162 ma-

339 1194 483 1235 nifeste
514 1200 693 1242 testatur,
725 1206 807 1235 non
837 1195 972 1236 minus
1004 1208 1024 1235 a
1057 1194 1147 1234 viris
1180 1206 1223 1234 ea
1254 1199 1440 1246 usurpata
1470 1197 1577 1234 sunt.

455 1332 505 1371 Et
534 1331 608 1371 hae
638 1331 799 1384 quidem
831 1337 962 1372 vestes
991 1332 1073 1372 fere
1104 1331 1285 1371 omnium
1325 1335 1503 1371 actorum
1545 1343 1634 1371 cum
1665 1329 1732 1382 qui
1762 1328 1879 1368 femi-

342 1413 485 1442 narum
516 1406 602 1441 tum
634 1400 702 1453 qui
734 1400 910 1441 virorum
942 1407 1074 1454 partes
1101 1400 1299 1440 habebant
1330 1405 1442 1440 erant
1469 1411 1716 1440 communes.
1757 1396 1879 1437 Maior

340 1475 471 1511 autem
503 1470 670 1510 varietas
702 1474 764 1509 est
804 1483 963 1517 eorum,
1004 1482 1127 1522 quae
1163 1468 1366 1508 tunicae
1396 1467 1475 1507 illi
1505 1465 1877 1520 superiniicie-

337 1539 544 1587 bantur,
578 1550 757 1590 quaeque
779 1538 923 1579 ideirco
948 1539 1205 1579 nominantur
1236 1532 1609 1589 ἓπιβλήματα.
1656 1537 1764 1584 Quae
1785 1547 1877 1575 cum

343 1607 424 1647 sint
452 1608 662 1647 innumera
679 1607 725 1656 4),
758 1620 801 1647 ea
836 1612 991 1648 tantum
1022 1607 1129 1647 iuvat
1161 1616 1410 1652 enumerare,
1442 1617 1540 1657 quae
1583 1603 1741 1657 propria
1771 1603 1878 1643 refe-

339 1681 486 1717 runtur
525 1690 611 1717 esse
649 1675 890 1726 tragoediae,
937 1675 1261 1728 singularumque
1301 1673 1341 1713 in
1373 1673 1572 1726 tragoedia
1602 1683 1876 1726 personarum.

340 1744 395 1784 Ac
432 1744 479 1784 de
518 1745 691 1798 xysfide,
733 1757 833 1796 quae
864 1757 945 1785 non
975 1744 1108 1784 minus
1147 1743 1189 1783 in
1222 1741 1501 1795 epiblematum
1533 1754 1653 1794 quam
1682 1741 1724 1781 in
1755 1741 1877 1793 endy-
1917 1749 1923 1756 ·

342 1818 490 1853 matum
509 1825 677 1854 numero
700 1813 882 1861 habetur,
904 1814 980 1853 iam
1005 1825 1123 1866 supra
1141 1811 1364 1864 expositum
1382 1816 1453 1850 est.
1483 1809 1724 1850 Memoratur
1745 1814 1878 1849 autem

340 1887 494 1934 praeter
539 1882 709 1935 xystides
753 1883 926 1935 primum
974 1881 1131 1935 aliquod
1176 1892 1323 1932 genuS‚
1379 1879 1484 1931 quod
1528 1884 1661 1919 vatum
1706 1877 1878 1918 maxime

343 1950 576 2002 perhibetur
596 1950 722 1992 fuisse
741 1952 973 2005 proprium:
1006 1945 1215 2004 οἷγρηνό
1226 1962 1249 1990 ν
1263 1948 1309 1997 ⁵).
1352 1947 1465 1994 Quod
1487 1947 1600 2000 quale
1621 1946 1751 1995 fuerit,
1782 1944 1879 1985 satis

341 2018 512 2059 dilucide
544 2020 732 2061 describit
752 2021 876 2061 Poll.
899 2021 1148 2061 Onomast,
1172 2018 1233 2058 IV.
1261 2018 1351 2058 116.
1374 2015 1428 2057 τὰ
1449 2015 1499 2057 δὲ
1519 2009 1804 2070 ἕπιβλήματα
1822 2037 1878 2043 —

342 2083 598 2141 ἇγρηνόν·
631 2087 679 2129 τὸ
713 2087 753 2129 δ’
785 2085 837 2144 ἦν
867 2089 1042 2143 πλέγμα
1073 2086 1120 2135 ἐξ
1149 2084 1280 2141 ἐρίων
1312 2082 1545 2132 δικτυῶδες
1583 2082 1686 2137 περὶ
1718 2080 1811 2123 πᾶν
1829 2079 1879 2122 τὸ

343 2155 481 2208 σῶμα,
514 2151 537 2196 ὃ
575 2159 804 2212 Τειρεσίας
835 2155 1104 2211 ἐπεβάλλετο
1135 2152 1161 2210 ἤ
1190 2169 1257 2202 τις
1288 2151 1418 2201 ἄλλος
1446 2148 1613 2207 μάντις.
1658 2151 1728 2191 Est
1756 2150 1879 2203 igitur

340 2224 461 2264 vestis
500 2224 625 2273 lanea,
655 2226 811 2266 reticuli
847 2227 974 2268 instar
1003 2231 1129 2273 texta,
1160 2236 1243 2264 non
1274 2221 1469 2276 superiori
1508 2224 1665 2261 tantum
1696 2219 1872 2272 corporis

340 2291 456 2344 parti,
489 2293 557 2333 sed
589 2294 663 2334 toti
694 2295 852 2347 corpori
881 2308 1001 2348 supra
1030 2294 1205 2335 tunicam
1245 2289 1449 2346 (ἔνδυμα,
1490 2287 1639 2341 χιτών)
1668 2288 1809 2329 iniecta
1821 2286 1874 2341 ⁶).

438 2407 461 2448 ¹)
489 2408 585 2440 Tim.
612 2408 763 2444 Lexic.
789 2410 948 2443 Platon.
976 2434 983 2443 .
1011 2434 1020 2443 .
1048 2434 1055 2441 .
1081 2408 1115 2442 οἱ
1139 2407 1178 2442 δὲ
1196 2402 1387 2452 χλαμύδας
1410 2397 1572 2449 κωμικάς
1595 2411 1723 2448 φασιν.

432 2465 460 2506 ²)
485 2466 625 2500 Schol.
653 2466 724 2500 Ms.
749 2468 927 2500 Theocr.
955 2468 988 2499 iu
1015 2466 1097 2499 Bibl.
1117 2466 1245 2498 Genev.
1271 2465 1311 2498 ad
1338 2463 1402 2496 eid.
1428 2462 1465 2495 ll.
1492 2449 1544 2494 7‘4.
1571 2486 1580 2494 .
1605 2484 1613 2493 .
1639 2484 1647 2492 .
1674 2459 1712 2492 ot
1735 2457 1774 2493 δὲ
1796 2470 1880 2505 κρο-

339 2520 455 2556 κωτὸν
478 2520 634 2566 ἱμάτιον,
658 2519 678 2555 ὃ
705 2523 740 2556 οἱ
763 2521 911 2568 ἡνίοχοι
935 2525 1100 2570 φέρουσι.

434 2579 462 2620 ³)
487 2579 589 2612 Poll.
617 2579 674 2614 IV.
703 2581 778 2614 116.
803 2578 846 2613 τὰ
872 2580 909 2614 δὲ
936 2575 1164 2624 ἐπιβλήμαπι
1191 2580 1310 2618 ξυστίς
1334 2589 1365 2610 κ.
1390 2588 1418 2609 τ.
1444 2577 1475 2609 λ.

433 2635 458 2678 ⁴)
487 2635 535 2669 cf.
563 2637 738 2680 Becker,
764 2638 955 2671 Charikles.
981 2637 1019 2670 T.
1045 2636 1083 2670 11.
1109 2647 1141 2679 p.
1169 2636 1234 2669 319
1261 2645 1329 2678 sqq.

433 2694 459 2733 ⁵)
479 2693 528 2726 Cf.
544 2693 620 2727 Cra
632 2705 661 2727 m
673 2706 717 2728 er
732 2695 789 2728 An
801 2695 900 2728 ecdo
911 2700 935 2728 t.
951 2695 976 2728 P
987 2696 1086 2727 aris.
1104 2694 1161 2726 ubi
1176 2692 1410 2734 corrigendum
1426 2695 1478 2723 est
1491 2685 1649 2736 ἇργηνὸν
1660 2688 1695 2721 ἱιι
1710 2682 1878 2735 ἄγρηνόν.

436 2748 464 2790 ⁰)
489 2749 663 2785 Eiusmodi
698 2753 836 2786 videtur
868 2762 942 2785 esse
967 2752 1178 2785 Cassandrae
1210 2750 1270 2783 illa
1305 2748 1415 2783 vestis
1448 2748 1592 2780 Aesch.
1618 2746 1816 2787 Agamem.
1845 2754 1878 2778 v.

344 2806 441 2840 1242.
467 2807 522 2840 43.

744 2860 838 2896 Ἰδοὺ
865 2859 896 2896 δ”
922 2859 1105 2897 Ἀπόλλων
1130 2860 1241 2900 αὐτὸς
1264 2857 1400 2897 ἐκδύων
1422 2858 1486 2906 ἐμὲ

747 2923 1037 2967 Χρηστηριάν
1061 2918 1211 2963 ἐσθῆτ’
1240 2931 1271 2953 κ.
1298 2931 1326 2952 τ.
1353 2919 1382 2951 λ.
