2014 3204
945 248 1256 289 —184-

331 366 668 422 pulchritudiiiem
699 379 742 406 ac
772 365 945 418 speciem
976 365 1096 412 auxit,
1126 365 1196 405 sed
1228 376 1310 404 non
1338 363 1537 416 ignorans,
1567 366 1670 406 haud
1698 378 1860 419 parvam

331 439 373 477 in
402 434 580 476 scaenica
611 433 913 484 adornatione¹)
944 433 1074 474 inesse
1104 434 1203 482 vim,
1244 434 1283 473 id
1313 433 1567 486 potissimum
1599 434 1688 485 egit,
1719 439 1763 474 ut
1793 447 1861 475 or-

332 510 452 545 natus
482 503 722 543 histrionum
744 507 860 555 aptus
883 507 988 542 esset
1009 502 1320 554 magnificentiae
1342 514 1493 550 eorum,
1526 502 1593 555 qui
1618 502 1661 542 in
1681 514 1862 543 scaenam

333 573 552 627 prodirent.
613 571 734 611 Erant
766 571 872 611 enim
903 571 987 611 fere
1015 570 1079 619 dii,
1114 571 1220 621 deae,
1252 571 1407 620 heroes,
1439 571 1495 611 vel
1519 571 1687 624 denique
1718 571 1864 612 summi

336 642 537 683 civitatum
569 640 778 693 principes,
811 639 956 692 quihus
985 639 1026 679 in
1056 639 1267 691 tragoediis
1298 639 1380 679 suis
1401 639 1547 692 primas
1567 644 1699 693 partes
1718 640 1867 681 solebat

336 711 598 752 committere.
660 709 838 756 Quorum
869 713 914 748 ut
944 708 1162 748 orationem
1184 720 1302 760 supra
1325 708 1429 760 vulgi
1453 708 1674 748 orationem
1696 709 1865 750 efferen-

336 781 427 821 dam
457 792 543 819 esse
575 777 742 826 censuit,
772 777 829 817 sic
850 777 1080 830 ampliorem
1102 789 1237 816 eorum
1260 776 1381 817 voluit
1403 789 1488 817 esse
1514 776 1705 817 habitum.
1752 778 1868 828 Quod

338 854 382 888 ut
404 848 590 895 efficeret,
613 852 651 886 et
672 845 973 898 grandiores
996 858 1015 884 a
1031 844 1332 897 mplioresqu
1346 858 1366 885 e
1385 845 1595 885 histriones
1617 851 1655 885 et
1676 846 1869 887 decen-

334 918 492 958 tiores
509 915 938 967 venustioresque
954 914 1119 953 reddere
1137 919 1303 954 conatus
1322 911 1436 964 est2).
1477 914 1771 968 Phdilostrat.
1790 916 1867 956 vit.

337 987 564 1040 Apollon.
605 985 664 1025 VI.
707 985 769 1023 11.
810 997 847 1037 p.
880 983 975 1023 244.
1023 982 1149 1022 Olear.
1193 981 1468 1037 ἐνθυμηθεὶς
1510 980 1558 1022 δὲ
1598 981 1867 1038 (Αἰσχύλος)

339 1054 427 1096 καὶ
459 1049 552 1109 τὴν
581 1054 777 1108 τέχνην
808 1049 871 1100 οἷς
900 1066 970 1107 πρ
985 1051 1153 1106 οςφυᾶ
1189 1051 1259 1106 τῷ
1297 1050 1576 1106 μεγαλείῳ
1608 1050 1815 1106 μᾶλλον
1845 1051 1872 1108 ἢ

337 1123 407 1179 τῷ
445 1119 909 1175 καταβεβλημένη)
946 1135 1000 1160 τε
1036 1118 1124 1160 καὶ
1165 1116 1270 1160 ὑπὸ
1312 1117 1453 1161 πόδα
1495 1121 1873 1169 σκευοποιῒας

337 1191 433 1247 μὲν
454 1188 630 1247 ἥψατο
654 1189 985 1244 εἷκασμένης
1005 1194 1119 1236 τοῖς
1139 1187 1239 1229 τῶν
1261 1185 1441 1242 ἡρώων
1462 1187 1692 1238 εἴδεσιν,
1716 1186 1874 1244 ὀκρί-

338 1263 542 1315 βαντος
573 1258 630 1299 δὲ
660 1258 781 1306 τοὺς
811 1255 1111 1309 ὑποκριτὰς
1142 1255 1499 1311 ἇνεβίβασενλ
1527 1254 1592 1306 ὠς
1613 1258 1708 1298 ἰ’σα
1735 1254 1874 1299 ἐκεί-

338 1344 394 1372 νο
411 1344 455 1377 ις
497 1329 770 1382 βαίνοιεν,
817 1324 1099 1381 ἐσθήμασί
1138 1341 1195 1367 τε
1239 1325 1454 1379 πρῶτος
1498 1324 1804 1382 ἐκόσμησεν
1847 1324 1877 1368 ἃ

339 1397 661 1453 πρόσφορον
682 1392 849 1451 ἧρωσί
870 1394 1032 1435 τεκαὶ
1049 1391 1645 1450 ἦρωῒσινῆσθῆσθαιὸ).
1677 1396 1873 1437 Bekker.

340 1467 580 1508 Anecdot.
613 1478 651 1518 p.
685 1464 780 1504 746.
812 1461 1168 1518 ἐπιδεικνύμενοι
1201 1461 1266 1517 (οἳ
1297 1462 1518 1518 τραγικοὶ)
1541 1462 1590 1504 δὲ
1617 1464 1704 1506 τῶν
1723 1462 1876 1520 ἡρώων

341 1530 506 1576 ὦσανεὶ
545 1533 599 1574 τὰ
638 1529 781 1573 αὐτῶν
824 1529 1070 1587 πρόσωπα,
1110 1531 1286 1587 πρῶτον
1316 1530 1396 1585 μὲν
1425 1530 1685 1583 ἐπελέγοντο
1715 1530 1876 1586 ἄνδρας

341 1604 445 1652 τοὺς
476 1600 658 1658 μείζονα
689 1599 840 1656 φωνην
871 1599 1060 1652 ἔχοντας,
1093 1599 1294 1655 δεύτερον
1332 1599 1382 1642 δὲ
1418 1595 1684 1655 βουλόμενοι
1716 1599 1791 1643 καὶ
1820 1602 1876 1643 τὰ

342 1671 528 1728 στόματα
550 1668 767 1713 δεικνύειν
786 1668 968 1726 ήρωϊκὰ,
990 1667 1188 1725 ἐμβάδας
1210 1665 1399 1725 ἐφόρουν
1420 1669 1492 1710 καὶ
1512 1667 1671 1724 ἱμάτια
1686 1667 1874 1726 ποδήρη.

454 1813 504 1853 Et
534 1814 687 1853 decor
732 1810 894 1864 quidem
939 1815 1100 1851 ornatus
1146 1810 1315 1851 maxime
1351 1810 1528 1851 cernitur
1569 1810 1612 1851 in
1647 1811 1862 1852 vestium

341 1882 608 1929 formositate,
656 1893 752 1934 quas
788 1879 1008 1932 persimiles
1049 1880 1169 1920 fuisse
1207 1880 1458 1921 sacerdotum
1488 1879 1610 1920 refert
1640 1879 1816 1920 Athen.
1847 1881 1864 1920 Ι

342 1953 409 1992 21.
443 1965 475 1992 e.
542 1948 643 1989 Καὶ
686 1945 968 2000 Αἰσχύλος
1011 1946 1069 1988 δὲ
1100 1945 1157 1988 οὗ
1197 1947 1379 2002 μόνον
1417 1946 1601 2001 ἐξεῦρε
1635 1947 1741 2002 τὴν
1778 1948 1877 2003 τῆς

344 2018 536 2074 στολῆς
559 2014 902 2071 εὐπρέπειαν
924 2015 1010 2057 καὶ
1032 2014 1344 2072 σεμνότητα,
1376 2012 1438 2071 ἢν
1462 2013 1802 2071 ζηλώσαντες
1823 2014 1877 2058 οἳ

345 2081 677 2143 ἱεροφάνται
720 2084 808 2125 καὶ
854 2083 1124 2138 δᾳδοῦχοι
1172 2081 1598 2140 ἀμφιέννυνται,
1645 2082 1757 2127 ἀλλὰ
1801 2085 1875 2127 καὶ

345 2155 492 2198 πολλὰ
537 2152 736 2209 σχήματα
782 2151 1019 2208 ὀρχηστικὰ
1059 2149 1189 2200 αὐτὸς
1234 2151 1492 2207 ἐξευρίσκων
1536 2150 1744 2195 ἀνεδίδου
1785 2160 1879 2203 τοῖς

344 2229 586 2280 χορευταῖς.
647 2222 693 2262 In
724 2236 802 2276 quo
834 2224 919 2263 loco
951 2234 1034 2263 non
1063 2222 1149 2262 sine
1177 2234 1292 2262 causa
1322 2222 1489 2262 offendit
1510 2221 1877 2274 Fritzschius⁴)

346 2300 385 2334 et
424 2298 515 2333 ante
556 2304 647 2331 eum
686 2291 1037 2341 Loheekius⁵),
1083 2290 1188 2343 quod
1219 2291 1282 2330 vix
1320 2291 1506 2331 credibile
1535 2291 1605 2340 sit,
1651 2292 1877 2332 sacerdotes

345 2362 590 2403 histrionum
630 2360 804 2401 imitatos
845 2374 932 2401 esse
970 2360 1222 2408 vestimenta,
1262 2360 1386 2399 immo
1424 2359 1631 2400 videantur
1661 2359 1877 2400 histriones

350 2430 568 2484 sumpsisse
599 2442 619 2469 a
649 2430 919 2471 sacerdotibus
960 2434 1088 2470 vestes
1128 2433 1334 2477 venustas,
1373 2430 1556 2477 decoras,
1592 2440 1809 2482 rerumque
1840 2434 1879 2469 et

443 2583 465 2625 ¹)
491 2580 586 2626 ὄψις,
619 2578 637 2613 ὁ
670 2581 730 2624 τῆς
753 2577 877 2625 ὄψεως
909 2577 1057 2626 κόσμος.
1107 2579 1156 2614 Cf.
1181 2579 1321 2621 ,Arist
1353 2579 1467 2613 Poet.
1494 2580 1525 2612 6.
1574 2579 1621 2611 De
1645 2578 1812 2623 Aeschyli
1837 2588 1876 2611 re

348 2641 506 2674 scaenica
533 2652 561 2683 p.

438 2698 464 2739 ²)
493 2697 554 2739 [Cf.
581 2697 693 2730 Julius
718 2696 984 2737 Sommerbrodt,
1009 2697 1067 2729 das
1093 2696 1353 2738 altgriechische
1377 2693 1523 2726 Theater
1547 2704 1577 2736 p.
1602 2693 1669 2733 40.]

440 2754 465 2795 ³)
493 2754 541 2788 Cf.
569 2754 777 2788 Philostr.
811 2755 930 2788 vitae
964 2752 1230 2796 soph.1.9.l.
1255 2763 1286 2796 p.
1312 2751 1388 2785 492.
1420 2750 1536 2783 Olear.
1585 2749 1640 2782 De
1668 2749 1880 2794 Aeschyli

349 2822 394 2846 re
422 2813 626 2846 scaenica
651 2823 682 2855 p.
712 2812 773 2846 123
793 2822 841 2854 sq.

439 2869 466 2911 ⁴¹)
493 2870 545 2902 Ad
571 2869 704 2902 Arist.
731 2869 829 2901 Rau.
857 2879 886 2912 p.
915 2868 1013 2902 1062.

441 2926 469 2968 ⁵)
494 2926 810 2968 Aglaophamus
836 2926 872 2959 T.
901 2925 924 2958 I.
951 2937 980 2970 p.
1007 2925 1061 2963 84,
