2014 3204
781 249 843 266 ’--
903 234 985 276 235
1043 257 1096 264 --

184 351 377 398 histrione
407 352 506 398 eius,
537 364 616 404 quo
643 351 824 405 inprimis
853 363 950 392 usus
990 355 1063 398 est,
1094 350 1391 390 documentum.
1452 349 1554 390 Nam
1579 348 1707 401 Myni·

179 434 272 466 scus
302 421 570 462 Chalcidensis
592 420 771 472 Aeschyli
800 419 941 472 histrio
972 410 1130 459 auctore
1149 418 1361 458 Aristotele
1389 418 1541 470 poetica
1572 430 1605 457 c.
1637 417 1706 457 26.

179 491 205 538 ξ
234 488 276 529 2.
307 489 533 542 Callipidem
565 489 769 542 aequalem
799 489 1041 540 vituperans,
1072 486 1180 540 quod
1210 485 1359 526 nimius
1388 486 1440 525 sit
1468 486 1511 526 in
1541 486 1704 538 agendo,

177 570 271 598 eum
300 559 470 611 appellat
497 559 707 601 simiam:
739 555 765 613 ἦ
795 555 876 610 μὲν
905 553 983 596 οὖν
1012 554 1238 610 τραγῳδία
1267 552 1448 608 τοιαύτη
1480 553 1617 602 ἐστίν,
1650 551 1708 601 ὡς

179 624 254 666 καὶ
299 623 344 666 οἵ
384 624 595 681 πρότεροι
639 624 741 674 τούς
771 622 979 680 ὑστέρους
1008 620 1151 664 αὐτῶν
1182 620 1319 678 ᾤοντο
1350 619 1609 676 ὑποκριτὰς·
1642 619 1706 670 ὥς

177 693 304 737 λίαν
346 694 446 750 γὰρ
486 691 929 749 ὑπερβάλλοντα,
967 693 1215 746 πίθηκον
1251 688 1277 732 ot
1310 693 1586 738 Μυνὶσκος
1614 689 1707 732 τὸν

182 761 545 818 Καλλιπίδην
579 760 779 804 ἐκάλει.
848 762 962 810 Quod
1002 762 1035 803 si
1073 773 1348 814 comparamus
1389 773 1481 801 cum
1514 762 1538 809 ξ
1575 759 1612 799 3.
1654 791 1664 798 .
1696 789 1707 799 .

180 832 278 872 εἶτα
306 828 409 872 οὐδὲ
437 833 624 886 μίμησις
654 827 812 872 ἅπασα
843 827 1209 884 ἇποδοκιμαστέα
1230 830 1357 881 εἴπερ
1377 828 1483 884 μηδ’
1515 825 1707 882 ὄρχησις,

177 896 274 940 ἄλλ’
304 896 330 954 ἡ
361 898 571 954 φαύλων,
604 896 714 952 ὅπερ
745 897 819 939 καὶ
849 897 1109 952 Καλλιπίδῃ
1142 897 1383 952 ἐπετιμᾶτο
1414 896 1487 938 καὶ
1520 896 1598 938 νῦν
1627 893 1707 936 ἄλ-

177 965 292 1019 λοις,
334 964 390 1016 ὥς
420 965 497 1009 οὐκ
527 966 767 1021 ἐλευθέρας
796 974 1006 1020 γυναῖκας
1033 967 1335 1021 μιμουμένων,
1367 979 1458 1007 cum
1488 965 1707 1017 Myniscum

179 1041 335 1083 constet
366 1036 414 1076 ab
444 1037 531 1089 ipso
562 1036 750 1089 Aeschylo
782 1037 967 1076 edoctum
997 1049 1097 1083 esse,
1127 1036 1180 1076 ita
1210 1040 1256 1076 ut
1287 1035 1370 1076 eius
1399 1035 1591 1075 iudicium
1621 1045 1706 1073 non

178 1104 294 1157 longe
314 1105 454 1145 abesse
484 1106 708 1158 putandum
738 1104 790 1144 sit
818 1104 867 1145 ab
886 1105 1065 1158 Aeschyli
1094 1104 1253 1151 iudicio,
1282 1103 1477 1156 Aeschylo
1507 1103 1705 1143 actionem

178 1175 268 1215 licet
289 1174 461 1215 iudicare
493 1174 700 1227 probatam
719 1173 841 1213 fuisse
861 1173 1050 1221 sedatam,
1068 1174 1323 1221 moderatam,
1345 1173 1569 1218 honestam,
1591 1171 1707 1211 deni-

181 1256 258 1296 que
287 1255 372 1283 non
401 1243 579 1283 nimiam.
639 1243 788 1294 Nempe
818 1243 875 1282 sic
903 1241 1026 1282 voluit
1054 1241 1270 1282 histriones
1302 1255 1396 1282 suas
1427 1248 1559 1294 partes
1581 1252 1695 1292 agere

180 1317 227 1350 ut
265 1311 529 1359 Quintilianus
573 1310 817 1364 gravioribus
863 1310 1024 1362 quidem
1054 1311 1180 1350 facere
1225 1310 1347 1350 moris
1375 1310 1500 1350 fuisse
1527 1315 1707 1358 testatur,

185 1370 231 1419 ut
250 1385 386 1431 gestus
408 1380 529 1431 magis
559 1380 605 1420 ad
638 1391 797 1420 sensum
830 1391 950 1431 quam
980 1379 1026 1418 ad
1057 1380 1175 1419 verba
1197 1384 1301 1419 esset
1328 1378 1705 1428 accommodatus¹)‚

125 1500 129 1502 ⁴
182 1461 309 1501 eoque
339 1449 457 1489 modo
488 1448 693 1488 histrionis
723 1447 891 1487 imitatio
922 1460 943 1486 a
975 1447 1255 1488 choreutarum
1286 1448 1440 1488 actione
1472 1448 1655 1488 differret.

291 1517 343 1557 At
382 1516 584 1557 enimvero
624 1516 754 1569 paullo
791 1515 909 1555 etiam
947 1516 1170 1555 accuratius
1209 1516 1257 1555 de
1297 1516 1370 1556 hac
1405 1529 1449 1556 re
1486 1517 1707 1569 poterimus

179 1585 427 1632 existimare,
466 1586 496 1626 si
527 1585 569 1625 in
608 1585 841 1626 memoriam
880 1585 1213 1632 revocaverimus,
1254 1585 1359 1637 quod
1399 1597 1508 1625 nunc
1546 1586 1707 1638 quidem

162 1654 424 1706 *exploratum
470 1653 687 1705 videm-²),
737 1666 983 1694 summum
1033 1653 1168 1693 inter
1211 1666 1324 1693 sese
1368 1653 1704 1694 adiumentum

274 1816 297 1857 ¹)
322 1816 511 1859 Quintil.
546 1816 689 1849 instit.
722 1820 831 1848 orat.
858 1815 917 1848 xl.
944 1816 975 1848 3.
1002 1815 1055 1848 89.
1118 1816 1245 1848 Abesse
1266 1817 1356 1847 enim
1377 1815 1565 1859 plurimum
1589 1827 1611 1848 α
1633 1816 1706 1849 sal-

179 1876 294 1907 tatore
316 1873 410 1906 debet
432 1877 557 1915 orator,
580 1876 627 1906 ut
650 1875 708 1906 sit
727 1876 878 1918 gestus
913 1873 966 1906 ad
997 1883 1165 1905 sensum
1198 1874 1341 1916 magis
1364 1883 1479 1916 quam
1505 1873 1558 1906 ad
1580 1874 1708 1906 verba

178 1916 541 1971 accomnfodatus;
556 1930 663 1974 quod
676 1932 808 1963 etiam
824 1930 1115 1962 histrionibus
1128 1929 1546 1974 paulogravioribus
1558 1932 1707 1974 facere

178 1990 312 2022 moris
327 1990 439 2032 suit.
487 1988 567 2021 Cic.
594 1992 699 2020 orat.
727 1985 779 2020 ΠΙ.
804 1998 833 2019 c.
860 1988 914 2019 59.
939 1986 961 2029 ξ
986 1986 1063 2019 220.

269 2044 296 2086 ¹)
323 2045 358 2078 C.
384 2043 520 2078 Hoffm
533 2056 628 2086 ann,
664 2045 843 2086 tragoedia
868 2043 1076 2076 Graecorum
1113 2055 1186 2076 cum
1222 2044 1386 2087 plasticae
1423 2046 1511 2078 artis
1547 2046 1708 2088 operibus

177 2106 380 2145 comparata.
406 2102 602 2143 Moguntiae
631 2102 727 2135 1834.
755 2101 795 2134 K.
820 2101 858 2133 F.
884 2101 1102 2144 Hermann,
1130 2102 1213 2135 iiber
1238 2102 1292 2135 die
1317 2102 1459 2135 Studien
1478 2103 1538 2135 der
1555 2103 1705 2144 griechi-

179 2160 278 2192 schen
302 2157 467 2192 Kiinstlcr
491 2170 520 2202 p.
547 2159 602 2192 39.
653 2158 704 2191 W
700 2159 808 2192 elclzer
829 2158 999 2201 nui‘ektige
1021 2158 1180 2202 Einfluss
1204 2160 1240 2191 in
1257 2159 1366 2192 dieser
1382 2159 1539 2192 Hz‘nsicht
1555 2163 1708 2192 nument-

178 2217 244 2249 liclt
278 2216 354 2249 dem
377 2216 507 2250 Drama
541 2218 614 2260 auf
642 2215 697 2248 die
731 2215 994 2258 Darstellungen
1030 2215 1092 2248 der
1120 2217 1352 2259 griechischen
1390 2216 1502 2249 Iz'unst
1538 2219 1589 2249 sei
1611 2228 1647 2249 es
1671 2219 1707 2249 in

180 2275 313 2306 ernster
336 2272 415 2306 oder
438 2273 584 2305 heiterer
607 2271 762 2315 Hanung
781 2273 941 2315 gebilht,
968 2275 1012 2305 ist
1047 2275 1084 2306 in
1119 2284 1264 2307 uoueret·
1286 2272 1362 2306 Zeit
1395 2273 1538 2318 viegraclz
1562 2275 1708 2317 nac-lnge-

179 2332 303 2363 wiesen
327 2329 399 2362 und
420 2329 499 2371 liegt
523 2340 578 2361 um
604 2339 642 2361 so
664 2330 762 2362 mehr
785 2331 819 2362 in
844 2329 904 2362 der
927 2328 1039 2363 Nalm·
1053 2329 1113 2364 der
1128 2330 1244 2372 Saehe,
1268 2331 1321 2363 uls
1336 2331 1392 2364 die
1405 2332 1596 2364 scenis-chen
1615 2332 1709 2375 Auf-

178 2387 379 2430 siilzrungen
417 2387 506 2418 nicht
539 2386 641 2418 allelu
678 2386 731 2418 die
756 2386 944 2419 Phantasie
972 2388 1163 2432 mdc-litiget·
1197 2388 1249 2420 als
1270 2387 1354 2431 jede
1383 2390 1534 2431 sonstige
1555 2389 1623 2422 Art
1647 2399 1707 2421 von

179 2444 298 2476 Poesie
319 2446 495 2485 ant-egica,
520 2442 662 2475 sondern
688 2443 838 2486 wgleiclz
860 2443 915 2476 die
938 2443 1240 2489 Schauspiellrunst
1256 2444 1316 2477 der
1332 2444 1503 2477 bildenden
1517 2446 1706 2488 gleichsam

180 2500 233 2532 als
256 2500 292 2533 V
290 2500 501 2543 orgd‘ngerin
526 2502 560 2532 in
584 2500 779 2543 lebendagrer
803 2501 935 2534 Plasta:
958 2500 1104 2534 diente.“
1127 2521 1171 2526 —-
1196 2501 1264 2543 „So
1287 2502 1412 2545 ltd‘ufig
1428 2504 1494 2535 wir
1509 2501 1629 2546 spc'iter
1645 2502 1707 2535 den

181 2557 420 2601 umgekehrteu
442 2557 520 2590 Fau
540 2557 664 2601 finden,
689 2557 770 2590 dass
795 2557 847 2591 W
844 2557 919 2590 erl-re
934 2557 996 2590 der
1019 2558 1191 2591 bildenden
1216 2558 1326 2591 Ii'unst
1355 2559 1426 2601 auf
1439 2560 1608 2602 poetisclze
1629 2559 1709 2592 oder·

183 2613 389 2646 rhetorica-lte
421 2612 685 2657 &hilder-angen
727 2614 926 2656 eae‘ngewirkt
960 2615 1080 2657 haben,
1120 2627 1156 2648 so
1193 2617 1303 2649 sicher
1337 2616 1427 2648 kann
1458 2626 1539 2648 man
1561 2617 1635 2660 siit
1657 2615 1711 2648 die

174 2670 350 2712 sriilieren
374 2670 772 2715 Enth'ckelungsstzffen
796 2671 860 2704 das
871 2675 1185 2717 entgegengesetzte
1208 2672 1429 2705 Verhiiltniss
1451 2672 1561 2706 heider·
1583 2672 1714 2706 Ia'ic'nsle

182 2727 404 2759 annehnwnf‘
426 2728 466 2760 Α.
486 2727 543 2761 W.
561 2728 761 2770 Schlegel
779 2729 814 2761 in
832 2729 1130 2772 Vorlesungen
1151 2730 1253 2762 iiber
1271 2730 1556 2762 dramatis-che
1574 2728 1709 2763 Hunst

182 2783 260 2815 und
287 2783 548 2816 Litteratur.
575 2784 605 2818 3.
631 2785 734 2827 Ausg.
761 2797 790 2829 p.
816 2786 871 2819 66.
896 2786 999 2829 „Man
1022 2787 1113 2820 wird
1136 2787 1224 2820 wohl
1246 2788 1340 2828 than,
1365 2788 1435 2819 sich
1458 2786 1559 2819 dabei
1573 2787 1626 2820 die
1641 2786 1711 2820 alte

185 2839 352 2884 Skulptur
372 2841 615 2884 gegenwdrtig
639 2854 681 2875 zu
705 2842 871 2883 erhalten,
902 2842 973 2876 und
998 2842 1154 2876 vielletclze
1184 2845 1229 2875 ist
1253 2854 1288 2875 es
1311 2843 1375 2876 das
1399 2843 1597 2884 treffendste
1623 2843 1709 2885 Ba’ld,

184 2898 256 2929 siclt
273 2898 355 2940 J‘ene
378 2896 431 2929 als
456 2897 587 2940 belebte‚
611 2900 809 2942 bewegliclze
833 2899 974 2933 Statuen
999 2903 1043 2933 im
1066 2911 1210 2943 gros-sen
1235 2900 1300 2933 Stil
1319 2912 1362 2933 zu
1386 2899 1551 2933 denken.“
