2014 3204
744 233 1051 274 —171—

138 355 275 408 arev),
300 368 384 397 non
405 361 496 396 ante
517 353 576 394 01.
598 353 664 401 77,
686 354 725 393 4.
746 351 906 392 tertium
927 349 1156 390 institutum
1188 360 1273 389 esse
1303 352 1487 394 actorem,
1516 347 1556 394 ii,
1588 346 1656 399 qui

138 425 422 468 Prometheum
451 424 528 464 1310
560 415 619 462 Ol.
642 422 701 462 75⁷
723 420 887 460 doctum
917 432 1005 459 esse
1035 418 1184 468 dicunt,
1216 418 1328 458 aliter
1354 429 1438 458 rem
1470 416 1655 469 expedire

139 500 235 536 sunt
264 494 398 535 coacti,
457 493 601 546 Itaque,
631 502 721 531 cum
751 501 833 529 non
862 487 978 527 liceat
1006 492 1144 527 contra
1174 492 1353 527 veterum
1384 486 1656 526 auctoritatem

141 569 335 610 statuere,
374 563 450 603 iam
480 566 567 601 tum
595 566 731 600 ternos
767 558 811 598 in
847 569 925 597 usu
961 556 1084 596 fuisse
1120 555 1355 603 histriones,
1394 567 1485 595 cum
1525 560 1656 595 tamen

140 638 222 674 tres
250 638 404 673 actores
431 631 475 671 111
504 643 582 671 003
610 628 727 669 simul
755 639 896 667 503003
926 625 1231 678 conspiciantur,
1261 624 1532 670 Prometheus,
1562 622 1658 663 Vul-

141 715 286 750 0311115,
315 701 472 749 Robur,
509 699 572 740 alii
602 698 643 738 in
670 697 796 750 prima
825 696 889 737 illa
919 707 1059 736 scaena
1090 706 1172 734 non
1202 694 1332 746 ipsum
1362 692 1658 739 Prometheum,

140 771 210 813 sed
237 776 391 812 tantum
432 769 518 810 eius
555 767 808 808 simulacrum
839 765 882 805 in
918 776 1101 805 scaenam
1133 763 1369 816 productum
1401 763 1568 815 rupique
1597 764 1657 803 af-

138 827 263 881 fixum
300 839 435 879 volunt
447 837 503 888 ²),
547 836 612 877 alii
647 836 831 882 tertium,
876 833 943 887 qui
984 833 1027 873 in
1063 844 1202 874 scaena
1241 837 1439 879 versetur,
1484 837 1657 872 actorem

139 904 488 962 παραχορήγημα
517 906 639 946 fuisse
670 904 746 946 sibi
774 903 1014 956 persuadent
1026 901 1072 955 ³).
1129 902 1315 943 Attamen
1345 907 1533 942 neutrum
1563 913 1658 954 pro-

138 977 277 1019 babile.
335 976 386 1016 Et
413 975 667 1016 simulacrum
707 973 867 1028 quidem
905 972 1130 1013 Promethei
1164 972 1207 1012 in
1244 983 1427 1012 scaenam
1462 983 1534 1024 pro
1572 970 1659 1023 ipso

140 1046 378 1088 Prometheo
398 1045 603 1098 prodiisse,
633 1044 686 1085 ita
708 1057 790 1084 non
810 1056 975 1097 possum
998 1043 1170 1091 credere,
1200 1046 1245 1081 ut
1272 1041 1368 1082 illud
1398 1041 1459 1082 vel
1488 1040 1658 1081 maxime

140 1129 231 1158 cum
259 1129 280 1156 a
311 1115 547 1155 Graecorum
579 1119 720 1154 natura
748 1120 833 1154 tum
866 1125 958 1153 vero
1001 1112 1049 1152 ab
1086 1112 1326 1152 histrionum
1363 1116 1446 1151 arte
1483 1111 1657 1151 alienum

141 1198 228 1227 esse
256 1185 434 1225 iudicem.
467 1176 469 1178 ¹
501 1183 690 1223 Videlicet
727 1195 889 1230 omnes,
926 1183 967 1223 id
998 1181 1102 1235 quod
1133 1181 1264 1235 ipsum
1293 1179 1526 1221 vocabulum
1555 1179 1660 1220 iudi-
1680 1194 1695 1204 ⁵

142 1259 217 1304 tat,
245 1259 423 1295 actorum
452 1265 515 1292 ars
544 1253 585 1292 111
613 1252 804 1304 agendo
834 1252 962 1304 posita
994 1258 1080 1296 est,
1113 1264 1238 1304 eoque
1267 1251 1456 1297 imitatur,
1489 1263 1588 1303 quae
1617 1250 1659 1291 in

140 1322 349 1376 tragoediis
392 1321 451 1362 vel
501 1321 713 1362 comoediis
761 1320 918 1372 fiunt³).
993 1320 1261 1361 Simulacrum
1308 1327 1438 1362 autem
1487 1321 1657 1374 aliquod,

142 1392 295 1434 etiamsi
325 1404 480 1432 summa
509 1398 592 1431 arte
622 1395 847 1439 moveatur,
879 1402 994 1442 agere
1024 1402 1106 1429 non
1135 1395 1288 1443 potest,
1318 1390 1514 1443 siquidem
1544 1402 1659 1442 agere

141 1462 218 1502 dici
246 1461 401 1514 nequit,
432 1460 537 1513 quod
574 1459 649 1499 vita
687 1472 731 1499 30
765 1459 920 1499 ratione
954 1463 1071 1498 caret.
1141 1458 1388 1512 Quapropter
1428 1471 1480 1500 ne
1515 1460 1659 1500 vilissi-

140 1543 228 1572 mae
260 1530 420 1583 quidem
448 1541 655 1582 personae,
684 1528 832 1569 nedum
864 1527 1072 1580 primariae
1104 1527 1304 1568 cuiusdam
1332 1529 1435 1568 vices
1456 1529 1658 1569 machinae

140 1613 216 1654 ope
254 1598 400 1652 expleri
436 1611 552 1651 posse
588 1598 785 1638 videntur.
854 1596 962 1637 Licet
991 1597 1095 1637 enim
1128 1597 1257 1638 vultus
1287 1603 1464 1638 actorum
1494 1612 1515 1639 a
1544 1613 1658 1652 spec-

138 1668 333 1711 tatoribus
362 1668 423 1708 101
451 1673 612 1720 propter
641 1667 808 1708 nimium
849 1667 953 1720 quod
990 1666 1097 1706 inter
1136 1671 1329 1720 utrosque
1367 1673 1451 1708 erat
1487 1669 1658 1722 spatium

112 1738 200 1780 >vel
226 1743 388 1792 propter
417 1737 614 1777 larvarum
652 1749 768 1777 usum
805 1748 888 1776 non
926 1735 1274 1788 conspicerentur,
1314 1749 1451 1778 nonne
1487 1738 1530 1779 in
1570 1739 1655 1791 ipso

137 1808 293 1849 incessu
325 1819 534 1860 permagna
562 1806 690 1846 inerat
720 1805 795 1852 vis,
836 1818 911 1858 qua
942 1805 1182 1847 celsissimus
1211 1807 1276 1847 ille
1305 1807 1409 1848 Deus
1438 1822 1508 1861 per
1537 1809 1657 1849 totius

139 1876 290 1917 fabulae
338 1876 549 1916 decursum
594 1886 719 1928 paene
762 1873 995 1922 immobilis,
1051 1875 1144 1915 dum
1198 1875 1296 1915 liber
1339 1882 1440 1925 erat,
1483 1878 1658 1918 indicare

140 1945 431 1999 quodammodo
463 1950 598 1998 posset
627 1943 747 1984 animi
777 1944 838 1983 sui
873 1943 1114 1984 firmitatem
1133 1950 1171 1984 et
1210 1946 1488 1995 constantiam,
1525 1947 1659 1999 itaque

140 2015 250 2067 quasi
286 2013 540 2055 corroborare
584 2019 699 2054 antea
742 2012 1005 2065 spectantium
1051 2011 1244 2065 pectora?
1287 2013 1338 2054 Et
1380 2015 1456 2055 hoc
1499 2016 1659 2068 quidem

140 2084 261 2124 unico
291 2083 334 2123 in
363 2083 436 2124 hac
464 2082 850 2124 fabula-adiumento
883 2082 1109 2123 Promethei
1140 2088 1313 2123 actorem
1342 2084 1538 2136 privatum
1570 2098 1659 2126 esse

140 2225 195 2259 die
218 2224 414 2259 Didaskalie
446 2234 489 2256 zu
511 2222 702 2268 Aeschylos
726 2222 860 2265 Septem
891 2234 919 2255 c.
947 2220 1079 2256 Thebas
1109 2233 1140 2266 p.
1165 2223 1185 2256 6
1211 2232 1282 2256 0310
1305 2224 1514 2267 tragoediam
1537 2225 1590 2259 01.
1616 2225 1657 2259 75

142 2283 273 2316 doctam
297 2281 404 2316 fuisse
429 2282 637 2315 existimant.

232 2341 263 2383 ¹)
287 2339 330 2374 cf.
354 2352 385 2384 p.
413 2340 486 2373 169.

231 2397 259 2440 ²)
282 2398 403 2431 Welc
416 2398 510 2438 ker,
551 2396 705 2438 Trilogie
748 2406 779 2439 p.
822 2395 877 2428 30.
937 2394 977 2428 G.
1012 2394 1241 2429 Rex-manni
1282 2407 1396 2440 opusc.
1439 2396 1477 2430 11.
1515 2409 1545 2440 p.
1583 2399 1658 2432 146.

141 2455 177 2488 C.
201 2455 239 2489 F.
264 2456 486 2497 Hermann,
520 2455 560 2488 de
585 2454 832 2497 distrib.·pers.
857 2464 889 2497 p.
914 2453 975 2486 60:
1006 2453 1178 2494 „dubitari
1197 2455 1329 2497 nequit,
1362 2455 1441 2496 quin
1472 2466 1539 2487 nou
1561 2455 1657 2487 modo

142 2513 236 2551 Βίας
269 2523 412 2557 11015003
446 2513 567 2556 quippe
590 2516 682 2545 muta
706 2511 748 2543 311
773 2511 936 2553 ejusmodi
961 2510 1138 2544 satellitiis
1162 2516 1238 2544 acta
1269 2511 1327 2552 sit,
1361 2512 1421 2544 sed
1446 2511 1550 2554 ipsius
1574 2511 1659 2544 Pro-

142 2570 266 2604 aethei
289 2581 409 2615 corpus
434 2571 523 2614 quod
546 2569 742 2612 affigeretur
766 2579 894 2602 merum
919 2569 1135 2602 simulacrum
1169 2568 1285 2612 fuerit,
1321 2570 1408 2613 quod
1443 2569 1563 2602 deinde
1599 2570 1658 2603 de·

145 2636 230 2660 mum
252 2627 339 2661 idem
361 2629 499 2670 histrio,
536 2628 592 2671 qui
616 2628 710 2660 modo
736 2626 882 2661 Vulcani
905 2632 1020 2670 partes
1045 2628 1183 2670 egisset,
1220 2627 1431 2670 subrepserit
1454 2626 1592 2670 ejusque
1616 2638 1658 2660 ex

146 2685 205 2717 'ore
228 2686 400 2728 sequentia
424 2685 734 2730 pronuntiaverit.“

235 2741 261 2782 ³)
284 2741 322 2774 E..
348 2742 517 2785 Miiller,
554 2743 674 2777 Gescb.
711 2743 772 2776 der
795 2742 941 2776 Theorie
978 2743 1009 2776 d.
1034 2741 1144 2776 Runst
1179 2742 1233 2775 bei
1268 2742 1331 2775 den
1355 2742 1468 2775 Alten.
1516 2742 1657 2776 Breslan

147 2797 244 2831 1837.
291 2797 330 2832 Π.
366 2811 396 2844 p.
424 2801 479 2835 19:
516 2801 600 2843 „Die
637 2800 939 2844 Schauspielkunst
974 2801 1021 2834 ist
1056 2802 1110 2834 die
1134 2800 1256 2842 Runst,
1287 2800 1413 2832 welche
1438 2799 1656 2843 Handlungen

142 2855 249 2889 durch
273 2856 465 2892 Handelnde
489 2858 680 2893 darstellt.“
727 2859 859 2893 Arist.
885 2857 994 2892 Poet.
1019 2869 1047 2891 c.
1073 2857 1104 2891 6.
1128 2857 1150 2900 ξ
1167 2859 1198 2891 4.
1222 2852 1438 2904 πράττοντες
1463 2858 1659 2891 ποιοῦνται

141 2910 206 2956 τὴν
226 2915 391 2959 μίμησιν.
