2014 3204
957 245 1232 287 —4ssss

452 360 526 401 Ubi
556 367 623 401 aut
653 363 778 409 fallor,
810 368 876 402 aut
908 363 1055 403 ultimis
1086 364 1233 403 verbis:
1274 364 1503 410 Troadas,
1535 364 1582 404 Io
1594 377 1674 413 na,
1705 363 1864 419 Euripi-—

338 430 396 468 dis
445 429 533 470 illae
583 430 854 480 significantur
901 432 1155 483 tragoediae,
1191 432 1334 484 quibus
1381 432 1648 485 exprimendis
1697 435 1865 475 maxime

338 498 550 538 eminuerit
570 498 749 551 Pylades,
771 499 852 539 sive
872 500 906 539 is
937 500 1012 540 suit
1040 501 1124 553 ipse
1145 501 1452 554 pantomimieae
1473 501 1688 542 saltationis
1719 507 1865 552 auctor,

334 567 415 607 sive
446 567 557 607 alius.

452 636 667 676 Confirmat
698 637 889 688 denique,
937 642 980 677 ut
1020 637 1116 678 alios
1161 644 1331 687 taceam,
1375 638 1584 679 auctoritas
1615 638 1863 690 Suetonii,

335 705 402 756 qui
447 705 489 745 in
522 705 782 757 Caligulae
828 707 904 745 vita
942 719 975 745 c.
1008 707 1073 746 57.
1136 707 1432 755 „Pantomimus
1463 708 1677 755 Mnester“,
1722 708 1863 761 inquit,

335 774 668 824 „tragoediam
715 775 957 822 saltavit,
1004 788 1122 827 quam
1168 777 1261 816 olim
1301 775 1595 828 Neoptolemus,
1640 778 1864 828 tragoedus,

332 842 449 889 ludis,
481 842 624 894 quibus
653 855 723 882 rex
753 843 1025 890 Macedonum,
1057 844 1276 896 Philippus,
1307 844 1459 884 occisus
1491 850 1561 891 est,
1592 849 1766 896 egerat.“

447 911 559 962 Saty
571 911 665 951 rici
696 911 850 963 generis
880 912 1064 964 pauciora
1095 913 1275 964 quidem,
1308 925 1438 964 neque
1468 918 1603 952 tamen
1635 913 1770 954 minus
1801 914 1864 954 illa

332 979 457 1030 gravia
489 985 623 1019 extant
654 980 829 1032 vestigia.
886 980 940 1019 Ac
969 981 1142 1032 primum
1174 981 1334 1033 quidem
1364 982 1470 1020 inter
1500 994 1557 1028 ea,
1589 994 1688 1032 quae
1719 981 1863 1022 Lucia-

331 1060 407 1087 nus
439 1049 694 1100 enumeratl),
732 1049 959 1089 salticarum
991 1050 1213 1090 fabularum
1253 1055 1509 1101 argumenta,
1553 1051 1748 1102 permulta
1793 1063 1862 1091 re-

331 1118 552 1169 periuntur,
584 1131 684 1169 quae
716 1117 762 1157 ab
786 1118 1069 1169 antiquissimis
1100 1118 1229 1170 poetis
1250 1117 1408 1158 Graecis
1438 1118 1479 1157 in
1509 1119 1687 1170 satyricis
1718 1119 1862 1160 fabulis

334 1191 498 1225 tractata
532 1200 617 1226 esse
649 1187 830 1226 sciamus.
881 1187 1019 1233 Veluti,
1052 1192 1094 1226 ut
1124 1199 1247 1238 pauca
1280 1187 1454 1239 exempla
1485 1187 1659 1236 afferam,
1690 1189 1861 1241 Aeschy-

330 1255 391 1293 lus
436 1254 605 1294 traditur
650 1255 854 1307 scripsisse
884 1255 1188 1303 Prometheum,
1228 1256 1378 1302 Circen,
1411 1255 1624 1307 Sophocles
1655 1256 1860 1297 Herculem

331 1329 369 1362 et
390 1323 593 1371 Inachum,
616 1323 825 1375 Euripides
848 1322 1108 1371 Herculem2),
1131 1323 1308 1363 Achaeus
1328 1324 1559 1372 Vulcanum,
1591 1337 1691 1377 quae
1722 1337 1862 1365 omnes

330 1392 482 1432 fabulae
513 1393 555 1431 in
585 1393 842 1444 satyricarum
871 1405 1038 1432 numero
1069 1393 1353 1443 referuntur3);
1386 1393 1602 1445 eademque
1633 1398 1863 1444 argumenta

333 1460 435 1511 apud
466 1459 684 1499 Lucianum
733 1466 1043 1500 commemorata
1087 1461 1314 1501 invenimus
1357 1474 1389 1500 c.
1437 1461 1504 1509 38,
1550 1474 1582 1500 e.
1620 1461 1685 1508 39,
1730 1475 1764 1501 c.
1794 1462 1861 1509 41,

330 1542 362 1568 c.
396 1529 463 1576 43,
495 1542 527 1568 e.
561 1529 628 1568 46.

446 1598 522 1636 Sed
555 1597 652 1637 haec
685 1603 816 1637 tamen
847 1611 923 1645 res,
960 1598 992 1637 si
1023 1611 1157 1638 verum
1190 1598 1302 1638 fateri
1335 1598 1534 1645 volumus,
1579 1609 1662 1637 non
1692 1598 1860 1638 multum

329 1672 465 1718 posset
495 1667 643 1714 valere,
676 1666 752 1706 nisi
783 1667 948 1707 aliorum
981 1667 1182 1707 accederet
1213 1679 1430 1718 eorumque
1476 1667 1690 1706 certiorum
1738 1667 1859 1706 docu-

329 1740 557 1775 mentorum
598 1736 705 1775 fides.
774 1736 875 1783 Quid
917 1742 1048 1776 autem
1086 1736 1211 1784 aliud,
1257 1748 1373 1787 quam
1421 1735 1611 1787 satyricae
1642 1734 1859 1774 saltationis

328 1808 606 1854 argumentum
637 1804 794 1844 exhibet

440 1896 634 1935 Horatii
664 1897 760 1936 illud
792 1897 1011 1937 Sermon.
1042 1898 1070 1936 Ι.
1104 1898 1142 1936 5.
1175 1895 1240 1935 63.

522 1965 766 2017 Campanum
796 1965 837 2005 in
870 1966 1072 2011 morbum,
1108 1964 1149 2003 in
1181 1963 1321 2003 faciem
1352 1963 1548 2015 permulta
1578 1963 1728 2004 iocatus

519 2033 721 2072 Pastorem
755 2033 965 2073 saltaret
996 2033 1068 2072 uti
1100 2033 1334 2084 Cyclopa,
1365 2032 1538 2084 rogabat.

442 2101 590 2142 Eodem
621 2107 771 2153 spectat
799 2102 841 2141 in
871 2101 1023 2153 Epist.
1055 2101 1102 2140 II.
1136 2100 1173 2139 2.
1208 2101 1300 2140 124.

519 2168 710 2208 Ludentis
741 2169 914 2221 speciem
947 2169 1067 2218 dabit,
1100 2175 1138 2208 et
1167 2168 1431 2220 torquebitur,
1463 2175 1508 2208 ut
1540 2169 1606 2220 qui

518 2238 631 2277 Nunc
652 2238 902 2289 Satyrum,
934 2250 1065 2278 nunc
1096 2243 1343 2290 agrestem
1376 2238 1583 2290 Cyclopa
1614 2242 1856 2277 movetur.

440 2326 488 2365 Et
519 2327 643 2378 magis
675 2327 791 2366 etiam
824 2327 1032 2379 perspicue
1072 2327 1283 2378 satyricum
1322 2331 1601 2377 argumentum
1639 2325 1857 2377 significare

326 2395 481 2434 videtur
511 2395 811 2434 Plutarchus
843 2396 1034 2442 Quaest.
1082 2395 1320 2435 convival.
1358 2394 1425 2434 lib.
1456 2394 1535 2434 VII.
1576 2399 1728 2446 quaest.
1761 2393 1854 2433 VIII.

327 2476 358 2502 c.
392 2462 451 2512 3⁴)
483 2464 540 2502 ed.
574 2463 719 2510 Paris,
752 2463 819 2515 qui
850 2477 939 2503 cum
977 2464 1110 2503 reiciat
1147 2463 1301 2515 Pyladis
1332 2463 1603 2509 saltationem,
1634 2461 1854 2509 „tumidam

325 2531 430 2570 illam
462 2533 754 2584 affectuumque
785 2533 982 2584 plenam“‚
1013 2532 1144 2572 laudat
1175 2532 1461 2583 ,‚Bathylleam,
1492 2531 1623 2570 Echus
1660 2535 1729 2570 aut
1759 2530 1853 2568 Pa—

422 2727 445 2768 ¹)
471 2726 597 2759 Lucia
614 2738 644 2759 n.
672 2727 717 2758 de
743 2726 886 2759 saltat.
913 2738 940 2759 c.
967 2726 1112 2759 37—61.

415 2781 444 2823 ²)
469 2780 518 2813 Cf.
545 2781 728 2813 Cramer.
754 2780 905 2813 Anecd.
932 2780 1165 2813 Parisiens.
1195 2780 1261 2814 vol.
1289 2779 1312 2812 1.
1336 2790 1365 2822 p.
1392 2779 1422 2811 7.
1449 2779 1479 2811 8.

416 2836 441 2879 ³)
468 2837 517 2871 Cf.
545 2838 768 2879 Welcker‚
793 2838 965 2879 Nachtrag
989 2849 1051 2870 zur
1079 2836 1343 2881 Aeschylischen
1368 2835 1534 2876 Trilogie.

414 2893 442 2937 ⁴)
466 2894 514 2928 De
539 2896 601 2927 hoc
626 2895 701 2928 loco
726 2906 803 2928 mox
828 2895 1020 2928 accuratius
1046 2894 1284 2937 disputabitur.
