2014 3204
963 225 1274 264 -194-

355 354 500 389 ramus,
532 341 665 394 quales
697 340 879 381 cothurni
911 341 1057 380 fuerint
1087 342 1233 395 quique
1264 341 1311 380 iis
1341 341 1402 380 usi
1432 341 1512 381 sint
1540 343 1590 382 iis
1619 343 1882 395 temporibus,

357 422 456 462 quae
485 409 664 461 Aeschyli
697 409 813 450 aetati
845 409 1014 449 maxime
1044 415 1138 450 sunt
1167 410 1403 462 propinqua.
1463 410 1588 450 Facile
1620 411 1726 451 enim
1755 412 1884 464 potuit

355 478 555 530 antiquam
587 478 877 518 cothurnorum
918 479 1088 518 formam
1119 477 1190 518 alia
1221 482 1337 530 atque
1368 477 1440 518 alia
1471 478 1658 532 deinceps
1688 479 1885 533 excipere.

354 545 426 586 Est
454 551 587 586 autem
617 546 870 586 Herodoti
910 546 1040 600 aliquo
1072 547 1158 586 loco
1188 545 1249 586 VI.
1284 545 1363 586 125
1396 547 1488 588 satis
1520 547 1689 588 dilucida
1720 548 1887 589 cothur-

354 626 500 655 norum
546 614 770 668 descriptio.
830 614 906 655 Ubi
952 627 1044 656 cum
1089 619 1275 655 narretur
1320 615 1488 656 Croesus
1531 615 1761 668 permisisse
1798 616 1887 656 Alc-

357 682 522 731 maeoni,
552 688 597 725 ut
628 688 820 735 quantum
852 683 975 723 semel
1007 683 1193 735 colligens
1226 688 1361 736 posset
1391 689 1595 737 asportare
1624 697 1670 725 ex
1699 684 1887 725 thesauro

354 764 426 792 suo
456 752 655 800 auferret,
700 752 755 798 is,
803 764 880 804 quo
926 752 1038 804 plura
1080 757 1214 804 posset
1245 754 1412 800 auferre,
1443 752 1613 793 traditur
1643 765 1726 794 non
1756 754 1887 793 solum

354 820 565 861 maximam
586 820 766 862 induisse
787 821 972 868 tunicam,
1005 820 1075 860 sed
1096 820 1213 860 etiam
1236 820 1476 873 largissimos
1499 821 1725 870 cothurnos,
1755 821 1888 875 itaque

354 894 394 928 et
423 889 573 941 reliqua
604 889 735 930 omnia
766 889 1000 929 vestimenta
1028 888 1242 942 ipsumque
1272 889 1468 942 capillum,
1499 894 1539 930 et
1559 890 1674 931 tibias
1696 901 1888 942 surasque

355 968 451 997 auro
482 957 719 1010 implevisse.
780 958 894 998 Patet
924 957 1041 1010 igitur
1070 969 1118 997 ex
1149 957 1224 998 hoc
1253 958 1355 1006 loco,
1385 969 1467 998 non
1498 958 1537 998 in
1568 970 1707 999 eorum
1739 959 1887 1000 calcea-

354 1030 584 1066 mentorum
616 1038 784 1067 numero
816 1032 901 1067 tum
935 1026 1094 1079 quidem
1116 1026 1334 1067 cothurnos
1357 1026 1488 1075 fuisse,
1520 1038 1621 1079 quae
1651 1026 1725 1067 suh
1755 1026 1887 1079 planta

353 1094 464 1145 pedis
494 1094 726 1145 ligarentur,
768 1097 884 1147 (quae
915 1094 1074 1147 proprie
1103 1095 1362 1135 nominantur
1392 1091 1772 1148 ὑποδήματα),
1818 1095 1889 1135 sed

355 1174 513 1210 eorum,
560 1176 660 1216 quae
707 1163 846 1216 pedem
892 1163 1022 1216 ipsum
1054 1175 1144 1204 cum
1177 1176 1268 1203 sura
1299 1164 1473 1216 tibiaque
1502 1168 1691 1216 tegerent.
1753 1163 1888 1216 Itaque

353 1231 500 1271 similes
531 1236 626 1272 sunt
655 1231 702 1271 iis
734 1236 966 1272 venatorum
996 1232 1161 1279 calceis,
1208 1244 1308 1285 quos
1339 1232 1520 1272 Pollux
1549 1230 1732 1272 nominat
1775 1243 1888 1272 cavos

355 1299 518 1340 Onom.
551 1299 593 1339 V.
617 1299 682 1340 18.
719 1296 1007 1354 Ὑποδήματα
1038 1299 1181 1351 κοῖλα,
1213 1299 1276 1347 εἷς
1306 1300 1445 1353 μέσην
1473 1298 1553 1354 την
1582 1293 1752 1353 κνήμην
1782 1295 1889 1353 ἀνή-

354 1381 503 1416 κοντα,
536 1366 688 1422 δεσμῷ
719 1362 902 1422 α’κριβεῒ
930 1366 1294 1422 περιεσταλμένα.
1327 1368 1373 1409 cf.
1406 1368 1484 1408 vll.
1516 1367 1582 1409 84.

471 1436 546 1485 Qui
576 1448 669 1477 vero
701 1450 746 1477 ea
777 1441 905 1477 aetate
937 1437 996 1477 usi
1026 1436 1108 1477 sint
1143 1436 1369 1483 cothurnis,
1417 1441 1456 1476 et
1501 1449 1598 1477 num
1643 1448 1780 1477 verum
1825 1435 1888 1484 sit,

356 1505 461 1557 quod
506 1507 589 1545 fere
636 1508 839 1552 statuunt,
880 1504 1111 1556 Aeschylum
1145 1505 1385 1546 cothurnum
1416 1504 1675 1546 histrionibus
1706 1504 1789 1545 suis
1819 1504 1888 1544 de-

355 1573 469 1620 disse,
493 1573 613 1625 digito
637 1573 931 1626 quodammodo
953 1579 1147 1614 monstrat
1168 1573 1278 1614 Aris
1294 1579 1341 1613 to
1350 1573 1538 1626 phanes
1558 1573 1670 1614 Ran.
1687 1573 1740 1612 45
1763 1585 1889 1626 seqq.‚

356 1642 425 1682 ubi
457 1642 656 1690 Hercules,
702 1655 790 1682 cum
838 1642 1052 1694 conspiciat
1081 1642 1291 1683 ridiculum
1322 1641 1480 1694 Dionysi
1512 1641 1702 1688 habitum,
1746 1640 1809 1679 vix
1845 1653 1889 1679 se

359 1710 567 1750 continens
599 1710 807 1751 exclamat:

399 1772 504 1818 ἀλλ’
536 1775 615 1830 οὐχ
645 1776 740 1826 οἶός
769 1775 810 1819 τ’
843 1775 933 1832 εἴμ’
967 1776 1252 1832 ἀποσοβῆσαι
1283 1777 1359 1820 τὸν
1388 1777 1527 1830 γέλων

397 1842 511 1900 ὁρῶν
541 1845 766 1901 λεοντῆν
796 1846 891 1887 ἐπὶ
922 1847 1173 1902 κροκωτῷ
1204 1848 1418 1901 κειμένην.

395 1917 480 1963 τίς
510 1912 534 1957 o‘
564 1915 687 1966 210595
718 1916 768 1956 τί
799 1912 1068 1969 κόθορνος
1097 1913 1187 1954 καὶ
1218 1913 1465 1969 ῥόπαλον
1494 1911 1861 1969 ξυνηλθέτην]

467 1984 633 2026 Miratur
662 1985 781 2038 igitur
812 1984 953 2038 pellem
984 1984 1181 2024 leoninam
1213 1984 1466 2024 coniunctam
1504 1995 1593 2023 cum
1616 1989 1789 2032 crocoto,
1819 1995 1887 2024 co-

354 2053 547 2094 thurnum
578 2066 668 2094 cum
700 2054 816 2094 clava.
866 2052 967 2101 Quid
997 2049 1149 2104 igitur?
1200 2052 1242 2092 Si
1272 2052 1490 2093 cothurnus
1522 2057 1606 2093 tum
1637 2052 1779 2093 fuisset
1808 2057 1888 2092 tra-

354 2118 533 2170 gicorum
564 2118 805 2160 histrionum
836 2120 894 2160 vel
925 2121 1106 2161 omnium
1138 2121 1197 2160 vel
1227 2121 1392 2161 deorum
1425 2125 1529 2162 certe
1550 2125 1589 2161 et
1609 2121 1776 2160 heroum
1808 2120 1889 2160 cal-

354 2194 627 2233 ceamentum,
673 2189 779 2229 nulla
810 2189 989 2241 profecto
1019 2202 1135 2230 causa
1167 2194 1282 2237 esset,
1315 2201 1384 2228 cur
1413 2189 1501 2242 quis
1532 2188 1755 2237 miraretur,
1785 2200 1889 2229 eun-

353 2254 456 2301 dem,
489 2256 558 2308 qui
588 2257 783 2298 cothurno
818 2262 1020 2305 uteretur,
1066 2258 1211 2298 hahere
1242 2269 1408 2310 cyavam.
1468 2257 1754 2298 Recordaretur
1783 2257 1888 2298 enim

354 2322 487 2370 facile,
534 2324 673 2364 eodem
718 2324 836 2364 modo
867 2325 908 2365 in
939 2325 1086 2378 tragica
1118 2338 1257 2366 scaena
1288 2326 1420 2379 ipsum
1451 2325 1660 2367 Herculem
1691 2325 1885 2366 incedere.

355 2391 405 2430 At
435 2391 637 2432 enimvero
668 2398 713 2432 ut
743 2391 963 2446 κροκωτόν
1001 2400 1147 2434 vestem
1180 2394 1303 2435 fuisse
1334 2394 1556 2448 accepimus
1587 2393 1884 2444 feminarum1),

354 2459 411 2499 sic
441 2460 681 2501 cothurnum
713 2461 924 2501 verisimile
955 2467 1014 2502 est
1035 2475 1080 2502 ea
1110 2467 1237 2503 aetate
1266 2463 1388 2504 fuisse
1418 2463 1451 2503 si
1480 2475 1561 2504 non
1590 2463 1762 2504 solarum
1795 2475 1888 2502 mu-

354 2527 494 2568 lierum
526 2528 744 2582 proprium,
776 2535 815 2570 at
845 2534 953 2570 certe
983 2530 1255 2571 delicatiorum
1277 2532 1358 2572 sive
1378 2532 1542 2572 deorum
1566 2531 1691 2585 qualis
1711 2531 1886 2572 Bacchus

354 2601 426 2643 est,
456 2596 536 2637 sive
566 2597 830 2650 hominum2),
862 2599 1006 2651 quippe
1037 2599 1105 2651 qui
1136 2599 1282 2640 imitari
1310 2601 1485 2641 solerent
1513 2600 1750 2642 feminarum
1771 2600 1887 2641 luxu-

454 2761 464 2781 ¹
505 2759 554 2794 Cf.
602 2784 610 2793 .
641 2761 713 2793 192.

444 2759 793 2858 ²))Ex11;lutarch.
821 2819 867 2851 de
891 2817 1069 2861 Pythiae
1096 2820 1287 2852 oraculis
1313 2831 1339 2853 c.
1366 2820 1420 2853 24.
1449 2831 1478 2863 p.
1503 2821 1580 2853 495.
1599 2820 1640 2854 T.
1658 2819 1752 2859 Led.
1771 2797 1902 2853 Paris..

356 2875 539 2908 cothurnos
566 2875 812 2918 opulentiorum
838 2874 946 2907 fuisse
973 2875 1199 2917 intellegitur.
