2014 3204
1064 195 1145 237 224
1203 220 1254 226 -

348 326 431 354 non
463 325 562 366 opus
595 313 715 354 fuisse
745 317 853 365 patet
882 313 977 365 ipsis
1009 313 1144 365 poetis,
1176 326 1273 366 quos
1304 313 1474 366 antiquis
1505 315 1745 367 temporibus
1776 321 1857 356 tra-
1892 302 1902 313 ³

349 383 507 435 goedias
554 394 644 422 suas
689 380 813 432 egisse
844 367 991 421 scimus
1003 381 1050 434 ¹).
1110 382 1164 422 De
1194 383 1476 435 posterioribus
1506 389 1640 424 autem
1669 386 1862 438 tempori-

348 453 435 498 bus,
468 451 612 504 quibus
643 449 836 502 Sophocle
866 448 1066 500 auctore2)
1110 451 1187 492 iam
1217 464 1297 492 non
1341 452 1417 505 ipsi
1455 453 1603 493 fabulas
1642 466 1733 494 suas
1770 467 1861 507 age-

347 520 442 561 bant
470 526 621 573 poetae,
654 518 721 559 sed
752 518 836 559 aliis
869 519 1157 560 demandabant
1186 521 1421 561 histrionum
1466 528 1597 575 partes
1643 523 1740 563 nihil
1781 523 1862 564 fere

347 590 422 630 nisi
452 601 575 630 unum
619 588 660 628 in
701 588 773 628 hac
802 599 846 627 re
874 588 992 640 idque
1024 589 1350 630 obscurissimum
1382 596 1563 643 superest
1594 598 1772 633 veterum
1802 597 1865 633 te·-

347 658 589 699 stimonium.
649 656 810 697 Videtur
841 658 946 697 enim
976 658 1054 699 huc
1083 659 1333 699 referendum
1367 672 1474 708 esse,
1514 661 1620 713 quod
1650 662 1753 714 apud
1781 661 1865 701 He-

347 728 525 781 sychium
557 726 698 778 legitur
727 739 760 765 v.
787 724 1015 768 Μελιτέων
1045 727 1164 775 οἶκος
1195 732 1233 768 et
1254 728 1462 768 Photium:
1494 727 1540 770 ἕν
1569 729 1629 784 τῷ
1657 729 1743 771 τῶν
1766 731 1864 771 Ms-

346 796 502 838 λιτέων
540 792 663 850 δήμῳ
695 792 814 842 οἶκός
850 807 919 843 τις
956 791 1008 849 ἦν
1037 797 1353 851 παμμεγέθης,
1397 797 1460 845 εἷς
1490 794 1542 839 ὂν
1572 795 1615 839 οἱ
1644 797 1864 854 τραγῳδοὶ

349 864 622 920 (φοιτῶντες)
653 860 881 916 ἐμελέτων,
913 865 1024 905 cuius
1054 866 1376 918 supplementum
1407 868 1519 907 affert
1541 867 1687 908 Zenob.
1718 868 1766 908 Π.
1795 867 1861 908 27.

347 930 399 988 ἦν
429 933 478 974 δὲ
509 927 634 980 οὗτος
665 928 688 973 ὁ
720 932 838 979 οἶκος
877 933 1011 986 μέγας
1047 934 1109 982 εἰς
1145 931 1369 990 ὑποδοχὴν
1404 934 1639 990 τραγῳδῶν
1667 933 1864 990 μισθού-

347 1016 474 1056 μενος
487 1002 534 1051 3).
594 1001 744 1050 Quibus
783 1001 877 1042 locis
907 1002 979 1042 etsi
1009 1002 1084 1043 hoc
1113 1004 1238 1044 solum
1271 1005 1494 1052 edocemur,
1534 1004 1655 1045 fuisse
1684 1005 1727 1045 in
1755 1005 1865 1045 Meli-

346 1072 520 1113 tensium
559 1071 674 1110 demo
704 1070 935 1111 Atheniensi
978 1072 1196 1114 aedificium
1227 1085 1413 1126 magnum
1445 1074 1492 1114 ad
1523 1074 1773 1127 excipiendos
1801 1074 1864 1114 hi-

346 1141 515 1181 striones
548 1139 808 1188 conductum,
847 1142 888 1179 in
920 1153 997 1193 quo
1029 1147 1306 1182 exercerentur
1334 1142 1572 1191 histriones,
1612 1154 1695 1183 non
1731 1143 1865 1197 inepte

347 1216 480 1250 tamen
513 1209 666 1250 videtur
694 1209 785 1249 inde
817 1208 941 1261 colligi
971 1221 1109 1262 posse,
1149 1223 1216 1251 eos
1259 1211 1374 1252 certis
1415 1211 1648 1264 quibusdam
1679 1211 1865 1265 tempori-

348 1279 419 1318 bus
450 1283 541 1318 ante
570 1278 683 1318 ludos
713 1277 910 1318 scaenicos
942 1291 986 1318 eo
1027 1278 1259 1319 convenisse
1305 1280 1353 1320 ad
1397 1280 1635 1328 ediscendas,
1681 1293 1779 1333 quas
1822 1280 1864 1320 in

346 1360 485 1388 scaena
507 1351 678 1399 agerent,
711 1352 854 1399 partes
905 1346 1081 1400 Cumque
1112 1353 1267 1389 constet
1286 1348 1520 1400 Aeschylum
1551 1350 1650 1390 duos
1679 1349 1864 1390 habuisse

345 1416 573 1462 histriones,
606 1415 751 1468 quibus
781 1429 938 1468 semper
960 1418 1199 1465 uteietur4),
1231 1417 1466 1470 Sophoclem
1497 1430 1586 1458 suas
1616 1417 1765 1458 fabulas
1797 1417 1863 1457 in-

345 1485 471 1537 geniis
493 1484 732 1525 histrionum
753 1484 1066 1526 accommodasse
1079 1485 1123 1535 5)‚
1156 1486 1396 1538 omninoque
1419 1491 1555 1538 poetas
1574 1486 1741 1538 elegisse
1771 1499 1864 1526 suos

348 1554 421 1594 sibi
452 1553 680 1602 histriones,
711 1555 778 1606 qui
810 1554 971 1606 quidem
1003 1567 1166 1594 examen
1194 1554 1267 1594 rite
1296 1553 1619 1608 superassentss),
1659 1554 1693 1595 si
1733 1555 1864 1595 minus

349 1628 514 1673 certum,
546 1627 586 1662 at
616 1622 828 1663 verisimile
859 1627 963 1663 certe
994 1628 1070 1671 est,
1102 1628 1239 1676 poetas
1270 1623 1376 1676 ipsos
1415 1623 1456 1663 in
1496 1624 1559 1663 illo
1598 1623 1774 1664 aedificio
1804 1624 1866 1664 hi-

350 1691 522 1731 striones
555 1690 755 1738 docuisse,
786 1692 999 1731 histriones
1032 1697 1182 1740 autem,
1222 1699 1429 1745 postquam
1459 1705 1479 1733 a
1510 1696 1626 1745 poeta
1655 1691 1710 1732 ita
1739 1692 1865 1733 edocti

350 1766 497 1808 essent,
545 1760 589 1800 ad
621 1766 750 1812 partes
781 1773 871 1801 suas
901 1766 1009 1800 recte
1038 1760 1078 1800 in
1110 1773 1249 1801 scaena
1294 1762 1463 1813 agendas
1507 1762 1617 1802 omni
1662 1761 1779 1802 modo
1824 1774 1866 1801 se

349 1842 519 1882 parasse.
582 1829 664 1870 IIoc
711 1835 843 1870 autem
888 1835 932 1870 ut
961 1830 1074 1870 fieret
1113 1842 1201 1870 cum
1239 1830 1309 1870 alia
1338 1830 1534 1882 permulta
1565 1835 1648 1871 tum
1679 1831 1755 1871 hoc
1785 1834 1867 1870 erat

350 1910 459 1951 opus,
490 1903 534 1939 ut
554 1902 656 1938 totas
678 1912 768 1940 suas
799 1905 941 1952 partes,
972 1899 1104 1952 quod
1135 1898 1280 1939 nullo
1311 1897 1589 1939 utebantur
1619 1905 1672 1940 ut
1700 1898 1867 1939 nostri

349 1967 580 2007 homines
611 1967 664 2007 in
694 1980 870 2009 scaena
901 1969 1147 2009 monitore
1178 1966 1428 2022 (Soufsleur),
1467 1967 1699 2009 memoria
1729 1979 1868 2008 com-

445 2119 466 2161 ι)
493 2120 675 2153 Aristot.
707 2119 876 2153 Rhetor.
910 2120 964 2154 111.
992 2121 1020 2153 1.
1046 2120 1076 2152 3.
1102 2116 1337 2167 ὑπεκρίνοντο
1367 2116 1441 2165 γὰρ
1473 2115 1577 2153 αὐτοὶ
1600 2116 1806 2165 τραγῳδίας
1829 2117 1866 2151 οἱ

351 2178 498 2220 ποιηταὶ
522 2175 560 2210 τὸ
586 2178 744 2222 πρῶτοι.

440 2234 466 2276 ²)
495 2236 588 2269 Vita
613 2236 836 2280 Sophoclis
860 2233 978 2269 πολλὰ
1003 2233 1280 2283 ἐκαινούργησεν
1302 2234 1341 2269 ἐν
1371 2237 1445 2271 τοῖς
1476 2232 1603 2279 ἀγῶσι,
1628 2233 1776 2279 πρῶτον
1798 2210 1867 2278 μὲν

350 2287 551 2330 καταλύσας
580 2290 645 2336 τὴν
675 2288 869 2340 ὑπόκρισιν
898 2292 962 2326 τοῦ
992 2293 1142 2335 ποιητοῦ
1171 2290 1231 2325 διὰ
1263 2289 1328 2336 τὴν
1359 2293 1625 2336 ἰσχνοφωνίαν·
1656 2285 1770 2324 πάλαι
1799 2288 1867 2337 γὰρ

349 2352 409 2384 καὶ
433 2348 452 2382 ὁ
477 2348 629 2394 ποιητὴς
652 2348 870 2398 ὑπεκρίνετο.

442 2406 468 2450 ³)
497 2407 546 2442 Cf.
572 2409 784 2452 Aristoph.
816 2409 909 2442 Ran.
945 2419 976 2442 v.
1009 2409 1085 2443 501.
1121 2405 1174 2452 μὰ
1211 2407 1282 2450 Δί’,
1317 2403 1391 2440 ἀλλ’
1429 2405 1575 2450 ἀληθῶς
1609 2403 1673 2439 οὑκ
1708 2405 1869 2447 Μελίτης

351 2469 551 2512 μαστιγίας.

443 2525 472 2566 ⁴¹)
496 2526 548 2558 De
573 2524 781 2568 Aeschyli
806 2535 849 2558 re
875 2524 1080 2557 scaenica.
1107 2524 1188 2557 Pars
1213 2523 1250 2557 ΙΙ.
1277 2534 1307 2566 p.
1336 2523 1408 2555 167.

445 2582 470 2624 ¹⁵)
495 2583 594 2617 Vita
619 2582 813 2625 Sophocl.
851 2582 940 2627 φησὶ
977 2580 1018 2615 δὲ
1053 2582 1113 2615 καὶ
1141 2578 1285 2628 Ἴστρος
1320 2577 1381 2617 τὰς
1410 2575 1534 2617 λευκὰς
1564 2577 1737 2623 κρηπῖδας
1760 2577 1869 2614 αὐτὸν

352 2639 583 2687 ἐξευρηκέναι,
608 2636 649 2677 ἃς
672 2638 899 2674 ὑποδοῦνται
923 2639 960 2673 οῖ’
982 2650 1019 2672 τε
1043 2638 1239 2685 ὑποκριταὶ
1261 2637 1321 2671 καὶ
1344 2637 1379 2670 οἱ
1396 2637 1567 2684 χορευταὶ
1586 2635 1774 2684 καὶπρὸς
1796 2637 1869 2675 τὰς

355 2694 512 2742 φύσεις
537 2693 678 2731 αὐτῶν
700 2695 871 2742 γράψαι
895 2695 943 2730 τὰ
968 2694 1184 2743 δράματα.

445 2755 470 2798 ⁶)
497 2755 547 2790 Cf.
572 2756 623 2788 De
650 2756 856 2799 Aeschyli
882 2766 926 2788 re
953 2755 1143 2788 scaenica
1168 2754 1251 2787 Pars
1276 2752 1316 2786 Π.
1338 2763 1368 2795 p.
1397 2751 1471 2786 168.
1497 2752 1686 2796 Siinplic.
1704 2750 1866 2794 inEpict.

356 2814 516 2846 enchirid.
544 2826 570 2846 c.
598 2814 650 2845 23.
676 2812 715 2845 τὸ
739 2811 806 2857 μὲν
831 2811 1042 2851 ἐκλέξασθαι
1067 2813 1138 2846 τῶν
1161 2808 1367 2853 ὑποκριτῶν
1390 2811 1540 2845 ἕκαστον
1565 2808 1657 2855 πρὸς
1680 2807 1721 2842 ’τὸ
1747 2800 1870 2849 gutfri-

357 2872 454 2906 δειον
477 2870 679 2918 πρόσωπον
703 2870 741 2904 ἐν
763 2870 810 2913 τῷ
835 2866 988 2917 δράλιιατι
1012 2890 1053 2893 -—
1078 2871 1142 2903 τοῦ
1167 2867 1403 2906 διδάσκοντος
1426 2867 1467 2902 τὸ
1494 2862 1618 2915 δρᾶμα
1644 2866 1756 2900 ἔστιν.
