2014 3204
952 231 1259 271 —2160—

350 345 423 388 καὶ
455 342 586 389 ἔνθεν
614 343 687 401 τῆς
718 347 892 401 μέσηςΙ)
917 345 1068 399 [χαλκᾶ
1096 344 1307 398 κάγκελλα
1326 347 1421 388 haec
1441 347 1569 387 solum
1589 345 1706 389 habet
1724 347 1865 402 Etym.]

349 415 424 456 καὶ
457 419 530 458 ἵνα
560 414 828 471 σαφέστερον
856 416 970 456 εἴπω
995 414 1148 471 [σκηνή
1170 408 1199 470 ἤ
1222 416 1318 456 haec
1339 428 1419 457 non
1439 416 1556 456 habet
1578 416 1729 468 Suidas]
1759 416 1869 471 μετὰ

348 484 426 540 τὴν
456 483 662 540 σκηνὴν2)
704 482 840 533 εὕθύς
870 484 944 525 καὶ
983 483 1038 525 τὰ
1077 482 1355 539 παρασκήνια
1392 481 1419 539 ἡ
1449 480 1720 540 ὅρχήστρα3)·
1761 480 1867 539 αὕτη

349 552 400 594 δέ
429 552 548 596 ἐστιν
577 551 602 595 o‘
632 551 769 602 τόπος
799 551 823 595 ὁ
855 552 902 594 ἐκ
933 552 1127 595 σανίδων
1158 552 1265 605 ἔχων
1294 553 1343 595 τὸ
1374 552 1554 608 ἔδαφος,
1585 548 1660 608 ἐφ’
1692 546 1742 594 οὗ
1772 549 1868 607 (ἀφ’

351 616 403 663 οὗ
435 623 560 673 Suid.)
607 619 919 677 θεατρίζουσιν
957 619 999 663 οἳ
1036 628 1178 676 μῖμοι·
1225 623 1319 663 εἶτα
1349 621 1426 677 τὴν
1455 619 1695 676 ὀρχήστραν
1724 621 1871 675 βωμὸς

349 687 402 745 ἦν
430 691 513 732 τοῦ
535 690 756 733 Διονύσου
781 687 1064 745 [τετράγωνον
1086 686 1359 746 οἰκοδόμημα
1379 689 1503 731 κενὸν
1532 686 1608 730 ἐπὶ
1629 690 1706 730 τοῦ
1736 690 1870 743 μέσου

351 760 446 800 haec
467 773 548 800 non
568 760 686 802 habet
703 759 857 811 Suidas]
876 757 900 800 ὂ
915 759 1113 800 καλεῖται
1130 747 1316 815 θυμέληζ
1336 758 1458 812 παρὰ
1473 758 1522 800 τὸ
1538 756 1680 800 θύειν·
1697 757 1807 812 μετὰ
1822 756 1872 799 δὲ

348 827 427 883 τὴν
446 828 646 883 θυμέλην
666 826 693 883 ἡ
715 831 936 883 κονίστρα,
958 830 1155 869 τουτέστι
1171 828 1220 870 τὸ
1243 826 1357 870 κάτω
1381 823 1546 882 ἔδαφος
1565 825 1646 868 τοῦ
1664 823 1870 881 θεάτρου.

463 897 546 937 Hoc
574 898 659 938 loco
681 903 783 939 teste
812 903 968 951 praeter
989 898 1256 939 Godofredum
1277 899 1550 939 Hermannum
1573 896 1619 936 ad
1642 908 1767 936 unum
1787 895 1872 936 fere

351 979 490 1007 omnes
535 973 751 1020 praeeunte
793 967 837 1007 Ο.
875 967 1061 1008 Muellero
1103 968 1304 1021 thymelen
1348 966 1622 1008 existimarunt
1664 965 1788 1006 fuisse
1831 964 1872 1004 in

350 1036 478 1076 media
509 1037 710 1077 orchestra
742 1049 869 1085 aram,
907 1036 951 1076 in
983 1037 1094 1077 cuius
1124 1037 1308 1090 gradibus
1339 1035 1608 1076 constitissent
1636 1039 1675 1074 et
1703 1033 1873 1074 choreu-

349 1111 412 1145 tae
442 1111 479 1145 et
514 1105 696 1146 tibicines
728 1113 766 1146 et
816 1105 1144 1158 rhabdophoriffl,
1183 1119 1350 1158 eamque
1387 1105 1498 1146 aliter
1532 1104 1574 1143 in
1612 1102 1695 1143 aliis
1734 1102 1874 1143 fabulis

352 1174 476 1215 fuisse
495 1180 734 1215 exornatam.
757 1175 1105 1224 G.Hermannus⁵)
1117 1174 1311 1227 duplicem
1324 1173 1447 1214 fuisse
1458 1178 1634 1213 statuens
1651 1171 1875 1212 orchestrae

350 1256 481 1292 usum,
509 1244 711 1296 thymelen
749 1243 797 1283 ad
835 1244 997 1297 cyclicos
1028 1248 1183 1284 tantum
1221 1244 1362 1284 choros
1406 1241 1604 1295 pertinere
1635 1239 1874 1288 existimans,

351 1326 373 1353 a
401 1313 559 1365 tragicis
582 1313 820 1366 comicisque
851 1313 981 1353 choris
1002 1325 1085 1354 non
1105 1318 1228 1353 totam
1250 1312 1503 1359 orchestram,
1523 1310 1592 1350 sed
1613 1322 1700 1350 eam
1718 1314 1876 1349 tantum

351 1389 503 1435 partem
526 1387 755 1435 usurpatam
775 1382 898 1422 fuisse
919 1382 1025 1432 dixit,
1049 1395 1150 1435 quae
1170 1381 1438 1434 porrigeretur
1458 1392 1480 1420 a
1500 1378 1732 1432 proscaenio
1752 1389 1879 1430 usque

352 1452 399 1492 ad
430 1452 646 1505 thymelen.
700 1453 827 1500 Quam
858 1451 1096 1492 sententiam
1129 1463 1219 1491 cum
1254 1449 1437 1502 equidem
1471 1461 1597 1489 essem
1619 1444 1877 1500 amplexus⁶)‚

352 1521 395 1561 in
431 1534 556 1574 eaque
593 1521 763 1573 thymele
802 1521 907 1561 solos
947 1520 1198 1561 collocassem
1234 1518 1414 1558 tibicines
1452 1523 1491 1557 et
1519 1511 1878 1568 rhabdophoros⁷)‚

353 1591 458 1631 idem
489 1602 627 1630 omnes
657 1590 851 1643 thymelae
881 1588 1170 1630 vicissitudines
1200 1592 1445 1640 persecutus,
1475 1585 1676 1638 thymelen
1707 1594 1876 1636 exposu-

354 1671 462 1700 eram
492 1658 676 1710 deinceps
707 1669 831 1706 aram,
862 1658 1123 1706 orchestram,
1161 1657 1331 1709 denique
1359 1655 1486 1709 ipsam
1515 1665 1696 1695 scaenam
1728 1651 1878 1705 signiti-

353 1742 474 1770 casse.
533 1728 656 1768 Aliam
693 1739 821 1780 nuper
857 1727 959 1767 viam
998 1727 1085 1768 iniit
1114 1726 1335 1767 Fridericus
1365 1720 1653 1773 wieselerss)
1691 1721 1759 1775 qui
1796 1721 1879 1774 pri-

354 1811 464 1838 mum
511 1811 556 1838 eo
602 1797 785 1837 dissentit
835 1809 856 1837 a
908 1796 1105 1848 prioribus
1155 1795 1259 1836 illius
1303 1793 1378 1834 loci
1421 1791 1728 1845 interpretibus,
1773 1789 1880 1842 quod

356 1868 620 1915 orchestram,
662 1866 700 1906 id
731 1866 836 1918 quod
868 1877 951 1905 non
981 1864 1103 1904 semel
1132 1863 1280 1904 factum
1311 1875 1397 1904 esse
1427 1860 1616 1914 exemplis
1646 1860 1779 1905 docet,
1808 1870 1881 1911 pro

356 1937 467 1989 logeo
500 1935 649 1975 dictum
671 1946 759 1974 esse
781 1938 927 1981 censet,
959 1933 1102 1974 deinde
1132 1933 1237 1986 quod
1266 1932 1412 1973 rectius
1432 1931 1714 1982 interpretatus
1742 1926 1882 1968 verba:

354 2000 625 2060 τετράγωνον
647 1998 925 2057 οἰκοδόμημα
945 1999 1069 2043 κενὸν
1100 2000 1176 2042 ἐπι
1204 2000 1281 2042 τοῦ
1303 2001 1439 2054 μέσου
1460 1999 1661 2052 thymelen
1680 1995 1886 2039 affirmavit

356 2074 553 2128 pulpitum
583 2072 739 2125 aliquod
771 2072 893 2112 fuisse
924 2072 1040 2124 plane
1070 2082 1252 2117 vacuum,
1283 2074 1322 2109 at
1351 2080 1553 2121 nunquam
1585 2079 1706 2107 aram.
1756 2065 1884 2117 Atque

359 2143 691 2197 quemadmodum
721 2141 824 2182 haud
855 2146 963 2181 recte
995 2138 1150 2180 videtur
1180 2137 1370 2186 iudicare,
1410 2138 1515 2191 quod
1544 2136 1744 2189 thymelen
1772 2139 1888 2185 negat

358 2225 533 2266 unquam
564 2211 687 2251 fuisse
718 2223 841 2257 aram,
871 2209 1070 2262 siquidem
1100 2209 1142 2248 in
1173 2208 1336 2248 dubium
1367 2207 1498 2248 vocari
1527 2206 1589 2246 vix
1617 2209 1758 2258 potest,
1790 2202 1886 2255 quin

362 2281 579 2335 antiquitus
619 2280 661 2320 in
701 2279 901 2320 orchestra
931 2278 1104 2331 thymele
1134 2277 1253 2317 fuerit
1282 2290 1368 2324 ara,
1409 2276 1509 2316 circa
1549 2287 1668 2327 quam
1697 2271 1890 2314 saltabant

367 2350 487 2398 chori,
519 2350 575 2390 sic
605 2349 769 2390 omnino
801 2347 1049 2401 probandum
1080 2347 1247 2395 videtur,
1280 2345 1386 2398 quod
1416 2343 1616 2397 thymelen
1645 2340 1890 2395 pulpitum

455 2450 482 2493 1)
511 2451 587 2483 Hm.
607 2447 742 2496 χώρας.
814 2448 841 2490 ²)
864 2449 943 2482 Hm.
980 2445 1120 2491 σκευὴν.
1191 2445 1220 2489 ³)
1245 2447 1322 2480 Hm.
1354 2446 1426 2481 εἶτα
1451 2442 1473 2489 ἡ
1504 2439 1700 2493 ὀρχήστρα,
1730 2436 1816 2483 αὕτη
1849 2437 1894 2472 δέ

368 2508 469 2544 ἔστιν
494 2519 525 2542 κ.
551 2519 581 2541 τ.
607 2509 637 2542 λ.

454 2566 481 2610 ⁴)
507 2566 619 2600 Schol.
645 2565 752 2598 Arist.
777 2564 855 2597 Pac.
881 2576 913 2598 v.
942 2564 1016 2597 Ι735.
1042 2559 1136 2606 ἦσαν
1160 2562 1198 2597 δὲ
1216 2562 1277 2598 ἐπὶ
1293 2563 1353 2606 τῆς
1368 2562 1527 2607 θυμέλης
1542 2553 1773 2609 ῥαβδοφόροι
1788 2553 1891 2597 τινὲς,

363 2626 398 2659 οἳ
419 2625 479 2668 τῆς
502 2623 696 2669 εὐκοσμίας
718 2622 889 2668 ἐμέλοντο
912 2621 984 2655 τῶν
1007 2622 1160 2656 θεατῶν.

453 2682 479 2725 ⁶)
505 2681 719 2726 Opuscula
743 2681 812 2714 vol.
836 2679 892 2714 Vl.
918 2691 947 2723 p.
972 2677 1001 2711 ΙΙ
1027 2679 1100 2712 144.
1130 2689 1199 2723 sqq.
1225 2678 1339 2712 Neue
1366 2676 1594 2711 Jenaische
1619 2674 1893 2708 Litterntur-

364 2740 541 2782 zeitung
568 2740 665 2774 1843.
691 2738 751 2773 Nr.
780 2738 853 2771 146.
883 2738 957 2770 147.

454 2798 484 2840 ⁶)
509 2796 835 2842 Disputationes
852 2794 1113 2828 scaenicael.
1128 2794 1176 2828 De
1191 2794 1338 2838 thymele
1355 2792 1451 2826 1843.
1492 2790 1669 2832 [Scaenica
1694 2799 1726 2832 p.
1752 2786 1795 2821 19
1812 2784 1895 2830 sqq-1

457 2854 482 2897 ⁷)
508 2855 642 2888 Schol.
667 2853 883 2896 Aristoph.
910 2851 997 2886 Pac.
1022 2865 1054 2887 v.
1084 2853 1159 2885 735.

458 2914 484 2956 θ)
511 2912 641 2946 Ueber
655 2911 720 2945 die
734 2910 933 2955 Thymele
948 2911 1016 2943 des
1039 2907 1540 2953 griechischenTheater
1552 2917 1578 2940 s.
1604 2874 1789 2947 Gottingen
1805 2901 1891 2936 1847
