2014 3204
726 292 1007 330 —45-

104 406 220 447 ratio.
249 405 402 458 Nempe
420 406 633 447 dramatica
649 410 710 446 est
724 406 1059 458 pantomimorum
1075 418 1149 454 ars,
1161 419 1209 446 ex
1228 411 1407 446 veterum
1425 407 1635 447 dramatica

103 474 313 515 saltatione
343 480 442 514 orta.
500 475 552 515 Et
588 487 680 514 cum
701 474 793 514 .tria
830 480 963 514 essent
1000 475 1200 515 scaenicae
1228 475 1445 515 saltationis
1475 488 1634 527 genera,

110 546 270 595 poterat
298 555 344 582 ea
375 555 464 583 esse
494 549 563 583 aut
590 543 750 594 tragica,
780 549 848 582 aut
876 543 1053 595 satyrica,
1085 550 1152 583 aut
1172 544 1333 583 comica.
1384 543 1499 590 Quod
1521 549 1637 596 negat

104 611 233 651 nostri
263 612 349 658 loci,
380 624 496 663 quem
529 611 870 663 interpretandum
900 612 1203 664 proposuimus,
1238 613 1430 665 script0r;
1471 613 1635 652 minime

103 693 191 722 eam
221 682 264 721 in
292 681 374 721 sola
405 686 473 721 aut
501 681 715 732 tragoedia,
746 686 815 719 aut
845 681 1071 729 comoedia,
1111 686 1177 720 aut
1206 681 1372 733 satyrica
1403 680 1532 720 fabula
1564 695 1635 721 ex-

102 749 309 801 primenda
350 755 538 790 versatam
575 762 683 797 esse,
726 749 797 788 sed
828 762 875 788 ex
904 749 1032 789 tribus
1070 761 1153 788 eam
1186 748 1464 800 compositam,
1503 748 1541 787 id
1575 754 1635 788 est

103 822 332 869 argumenta
362 823 403 856 et
429 817 576 869 tragica
605 822 644 856 et
673 818 838 869 satyrica
866 823 907 858 et
937 818 1084 858 comica
1115 818 1359 869 complexam
1391 817 1574 856 affirmat.

217 885 306 933 Quo
335 885 519 933 efficitur,
548 891 594 925 ut
622 886 762 937 triplex
794 887 964 926 extiterit
993 886 1329 939 pantomimorum
1359 898 1505 936 genus,
1550 890 1634 926 tra-

102 953 249 1005 gicum,
277 953 502 1005 satyricum,
532 954 743 994 comicum.

215 1022 346 1074 Atque
376 1022 479 1062 hanc
507 1023 746 1063 senteutiam
792 1022 899 1062 nulla
939 1022 1114 1074 profecto
1155 1022 1336 1061 machina
1374 1022 1545 1062 adhibita
1586 1035 1633 1062 ex

104 1091 181 1130 hoc
209 1091 294 1131 loco
324 1091 411 1130 elici
441 1104 581 1143 posse,
620 1105 739 1132 nemo
771 1096 849 1137 est,
882 1091 950 1143 qui
980 1090 1021 1130 in
1051 1090 1336 1130 dubitationem
1369 1096 1494 1131 vocet.
1553 1091 1634 1130 Ex—

31 1152 42 1193 s
105 1159 308 1211 ploremus
337 1164 492 1208 autem,
523 1166 659 1200 utrum
690 1161 788 1212 ipsa,
821 1172 939 1212 quam
969 1159 1169 1198 invenisse
1200 1159 1315 1199 nobis
1347 1159 1540 1206 videmur,
1570 1172 1633 1198 res

105 1233 282 1268 veterum
311 1228 549 1268 testimoniis
579 1229 877 1281 comprobetur,
908 1239 1049 1267 necne.

218 1297 269 1336 Et
295 1297 545 1349 tragicum
577 1298 736 1350 quidem
766 1310 891 1350 genus
921 1296 1111 1336 latissime
1141 1295 1318 1348 patuisse
1349 1308 1395 1335 ex
1424 1295 1633 1347 permultis

105 1365 279 1416 intellegi
307 1372 439 1417 potest
468 1367 729 1406 documentis.
789 1366 917 1405 Testis
949 1371 1010 1404 est
1045 1365 1228 1416 inprimis
1260 1364 1528 1409 Lucianus‚
1567 1363 1634 1415 qui

106 1445 246 1474 omnes
275 1438 402 1474 terras
432 1447 663 1486 peragrans,
707 1440 1020 1486 argumentaque
1059 1438 1100 1472 et
1138 1432 1308 1484 mythica
1353 1438 1393 1471 et
1437 1432 1634 1478 historica,

105 1514 208 1554 quae
236 1502 401 1554 singulis
430 1503 528 1543 locis
572 1503 841 1548 inveniantur,
885 1514 1116 1548 recensens,
1164 1506 1389 1553 comparata
1433 1501 1634 1552 tragoedia

107 1583 196 1610 cum
226 1571 562 1623 pantomimorum
594 1571 813 1617 saltatione,
845 1570 1055 1622 utriusque
1086 1570 1179 1609 artis
1209 1575 1440 1620 argumenta
1472 1569 1636 1609 minime

107 1638 265 1678 differre
294 1639 407 1679 dicit:

164 1730 228 1770 De
272 1731 432 1771 saltat.
475 1743 508 1770 c.
555 1730 621 1770 31.
701 1728 767 1771 Αἳ
798 1729 848 1771 δὲ
877 1726 1124 1777 ὑποθέσεις
1162 1729 1310 1770 κοιναὶ
1351 1725 1634 1783 ἀμφοτέροις,

220 1798 295 1838 καὶ
336 1795 495 1840 οὐδέν
543 1814 595 1839 τι
646 1798 1066 1853 διακεκριμέναι
1116 1798 1219 1838 τῶν
1266 1798 1535 1851 τραγικῶν
1579 1794 1635 1837 αἳ

223 1863 574 1921 ὀρχηστικαί,
618 1866 735 1923 πλὴν
765 1863 832 1908 ὅτι
865 1865 1182 1919 ποικιλώτεραι
1213 1860 1359 1913 αὗται,
1387 1865 1463 1906 καὶ
1495 1864 1637 1906 πολυ-

222 1935 558 1988 παθέστεραιῙ),
589 1935 663 1975 καὶ
693 1936 853 1988 μυρίας
882 1933 1130 1988 μεταβολάς
1160 1932 1360 1984 ἔχουσαν

223 2015 257 2042 c.
288 2002 357 2042 60.
389 2004 556 2042 εἴσεται
587 2000 635 2042 δὲ
665 2003 741 2042 καὶ
770 2002 848 2057 τὴν
877 2002 924 2043 ἒν
954 1999 1063 2054 ᾅδου
1093 1998 1277 2042 ἅπασαν
1305 2001 1571 2057 τραγῳδίαν.

224 2083 256 2110 c.
288 2071 354 2110 61.
386 2069 619 2111 Συνελόντι
650 2070 701 2111 δὲ
731 2071 896 2120 εἰπεῖν,
929 2068 1059 2112 οὐδὲν
1087 2071 1174 2111 τῶν
1204 2067 1294 2112 ὑπὸ
1324 2070 1404 2111 τοῦ
1430 2067 1636 2123 Ὁμήρου,

229 2138 303 2178 καὶ
329 2136 541 2179 Ἡσιόδου
582 2139 655 2179 καὶ
695 2140 782 2180 τῶν
820 2137 1013 2192 ἀρίστων
1051 2140 1247 2193 ποιητῶν
1284 2138 1360 2179 καὶ
1398 2136 1639 2192 μάλιστα

221 2206 310 2261 τῆς
339 2206 644 2262 τραγῳδίας
673 2206 980 2262 λεγομένων
1006 2204 1284 2260 ἀγνοήσει.

107 2298 268 2338 Accedit
297 2298 655 2340 luculentissimum
686 2299 956 2353 inscriptionis
987 2299 1150 2339 alicuius
1179 2298 1458 2339 testimonium
1490 2297 1637 2337 Orell.

110 2366 366 2419 inscriptt.
396 2368 478 2407 lat.
508 2368 554 2407 T.
584 2369 611 2407 l.
644 2368 718 2408 No.
752 2368 875 2409 2629.

330 2455 372 2494 o.
405 2454 749 2511 M.11CURANTE
781 2457 1063 2497 CALOPODIO
1095 2456 1363 2496 LOCATORE
1384 2454 1401 2510 Η

165 2522 440 2563 THEOCRITI
461 2521 478 2579 ῃ
498 2525 647 2565 AUGG.
679 2525 770 2565 Lm.
792 2523 810 2580 ῃ
830 2526 1008 2566 PYLAm
1029 2523 1047 2580 u
1068 2524 1367 2564 ΡΑΝΤοΜιΜο
1390 2522 1406 2579 l!
1427 2523 1597 2563 ΗοΝο-

180 2591 315 2631 RA'ro
337 2589 354 2646 ΙΙ
376 2592 806 2633 sPLENmmsslMis
828 2590 845 2648 ῃ
867 2594 1126 2635 clverTffl.
1157 2593 1356 2632 ITALIAE
1378 2591 1394 2646 ss
1415 2592 1576 2632 ORNA-

166 2659 353 2699 memus
376 2657 393 2714 u
414 2660 789 2701 DECURIONALIB.
823 2662 958 2701 ouNA
978 2660 996 2716 ιι
1017 2662 1155 2702 GREX
1175 2659 1192 2715 ῃ
1214 2660 1456 2700 ROMANUS
1479 2658 1495 2714 ιι
1517 2659 1582 2698 OB

111 2727 300 2767 ΜΕΒΙΤΑ
322 2728 433 2767 elus
455 2725 472 2784 ΙΙ
493 2729 659 2769 Τιτυι.
676 2729 937 2769 ΜΕΜοΒιΑΕ
959 2727 976 2784 l!
998 2730 1193 2769 Posurr.
1210 2753 1264 2757 -
1281 2728 1339 2768 Ab
1361 2728 1481 2767 altera
1505 2731 1637 2779 parte:

180 2794 259 2834 sm
288 2795 541 2837 TEMPORIS
574 2798 759 2839 PRIMUS
781 2796 796 2852 ῃ
818 2798 1116 2838 TROADAS.
1176 2798 1205 2836 Α
1240 2796 1373 2836 tertia:
1407 2795 1567 2836 lONA.

209 2934 229 2973 ¹)
255 2932 324 2973 [Sic
349 2933 487 2965 correxi
511 2933 595 2976 quod
621 2933 652 2964 in
678 2933 851 2966 codicibus
875 2934 1003 2974 legitur
1027 2932 1373 2976 πολυμαθέστεραι.]
