2014 3204
742 242 1051 284 —173—

143 362 193 407 ἓν
222 361 324 421 ᾠδῇ,
354 356 743 417 παρασκήνιον
771 359 968 401 καλεῖται
998 357 1048 399 τὸ
1078 358 1279 412 πρᾶγμα·
1310 356 1351 398 εἶ
1380 356 1430 398 δὲ
1458 358 1657 412 τέταρτος

141 429 383 487 ὑποκριτής
414 447 458 472 τι
489 430 885 486 παραφθέγξαιτο,
921 427 1049 469 τοῦτο
1086 441 1192 481 παρ
1204 422 1521 481 αχορήγημα
1555 425 1656 467 ἕκα-

142 502 283 545 λεΐτο·
314 500 388 543 καὶ
418 500 683 555 πεπρᾶχθαί
713 511 850 554 φασιν
879 494 985 539 αὐτὸ
1016 495 1062 539 ἓν
1090 493 1382 550 Ἀγαμέμνονι
1416 494 1656 548 Λῖσχύλου.

143 572 222 621 Qui
241 571 410 624 scriptor
428 582 546 623 quam
574 581 656 610 non
676 570 872 610 indoneus
900 567 952 608 sit
980 566 1107 618 testis,
1129 579 1247 618 quam
1270 566 1432 606 obscura
1453 559 1657 618 impedita-

144 651 223 695 que
247 641 433 695 pleraque
453 638 584 680 omnia
600 639 693 686 sint,
710 651 808 691 quae
824 636 954 684 tradit,
971 640 1115 688 quanta
1131 634 1303 687 denique
1320 635 1360 674 in
1376 647 1422 674 eo
1439 634 1658 675 adhibenda

145 707 200 751 sit
227 710 376 759 cautio,
405 708 594 762 quoniam
624 719 828 761 nunquam
865 709 947 746 fere
987 705 1123 752 affert,
1161 704 1268 757 quod
1306 715 1467 756 prorsus
1503 703 1657 751 falsum,

144 790 349 832 nunquam
378 778 484 831 quod
518 790 656 818 verum
696 791 743 817 ex
782 776 891 818 omni
920 779 1051 828 parte,
1092 785 1210 826 saepe
1238 773 1318 813 iam
1348 773 1478 812 oblata
1508 778 1568 812 est
1595 772 1657 812 in-

143 847 354 900 tellegendi
390 847 562 887 facultas.
638 847 740 895 Quid
770 851 903 886 autem
943 844 985 884 in
1023 844 1100 883 hoc
1138 847 1277 882 nostro
1312 842 1398 881 loco
1433 841 1526 880 insit
1562 841 1658 889 veri,

144 916 237 970 quid
265 915 364 963 falsi,
395 916 557 969 optime,
590 916 748 969 opinor,
779 914 1001 968 poterimus
1032 912 1216 960 iudicare,
1245 911 1279 951 si
1307 910 1350 951 in
1379 910 1658 951 vocabulorum

142 985 299 1026 illorum
349 985 539 1037 originem
598 990 715 1038 atque
763 984 840 1024 vim
890 983 1007 1037 paulo
1057 980 1273 1022 accuratius
1322 979 1658 1032 inquisiverimus.

142 1053 292 1108 Nempe
322 1067 410 1095 cum
440 1050 721 1109 χορήγημα
750 1053 787 1093 id
819 1052 1033 1104 significet,
1073 1051 1179 1104 quod
1216 1050 1406 1101 choregus
1442 1049 1527 1101 lege
1566 1062 1660 1102 sup-

141 1123 318 1178 peditare
345 1123 524 1170 iuhetur‚
564 1136 708 1177 παρα
718 1116 999 1176 χορήγημα
1028 1132 1109 1161 non
1140 1119 1245 1160 aliud
1274 1123 1403 1172 potest
1439 1131 1547 1166 esse,
1585 1118 1662 1158 nisi

142 1191 369 1246 id‚³quod
398 1192 644 1232 excedens
675 1196 905 1243 sumptus
934 1189 1134 1242 publice
1162 1189 1450 1242 postulatos
1479 1192 1662 1241 sponte

145 1274 167 1302 a
204 1262 424 1314 chorego
460 1259 829 1312 suppeditatur.
898 1258 974 1305 Qui
1011 1264 1192 1311 sumptus
1232 1258 1528 1298 extraordinarii
1564 1269 1661 1297 num

146 1330 195 1371 ad
230 1330 427 1383 integrum
466 1329 634 1381 aliquem
673 1329 836 1369 chorum
868 1340 919 1367 an
949 1328 996 1367 ad
1028 1327 1203 1380 singulos
1234 1327 1314 1367 sive
1344 1328 1551 1368 choreutas
1581 1326 1663 1366 sive

146 1397 360 1438 histriones
397 1398 646 1438 exornandos
690 1398 784 1438 facti
819 1397 917 1445 sint,
962 1397 1078 1450 plane
1122 1396 1220 1436 nihil
1263 1396 1416 1437 videtur
1458 1396 1662 1442 interesse,

144 1466 377 1518 praesertim
408 1479 498 1507 cum
528 1467 605 1506 iam
637 1478 718 1506 non
749 1466 801 1506 sit
831 1465 1015 1514 dubium,
1052 1466 1170 1518 quin,
1202 1470 1245 1505 ut
1276 1465 1357 1505 dati
1386 1470 1481 1505 sunt
1509 1464 1663 1517 publice

144 1534 194 1575 ab
237 1535 427 1576 archonte
476 1541 517 1575 et
552 1536 660 1576 chori
696 1541 737 1576 et
774 1541 945 1584 actores,
990 1536 1043 1576 ita
1082 1540 1266 1587 sumptus
1306 1534 1473 1575 fecerint
1510 1534 1664 1585 choregi

146 1615 228 1644 non
256 1604 388 1645 solum
417 1604 716 1652 choreutarum,
744 1604 814 1644 sed
845 1604 962 1644 etiam
993 1604 1232 1645 histrionum
1246 1602 1291 1655 1).

257 1672 314 1713 De
351 1673 669 1726 parascaenii
703 1673 740 1712 vi
770 1678 810 1712 et
838 1678 1034 1726 potestate
1077 1673 1198 1727 priori
1242 1672 1362 1713 huius
1392 1673 1664 1726 disputationis

144 1741 303 1795 μηθ’)
332 1742 427 1783 satis
459 1747 519 1783 est
549 1742 786 1795 expositum.
843 1742 1197 1795 Comprobavimus
1228 1743 1332 1782 enim
1365 1742 1563 1791 docentes,
1596 1743 1665 1795 qui

145 1810 187 1851 in
225 1810 380 1851 theatro
418 1824 583 1852 scaenae
613 1812 663 1852 sit
691 1812 820 1859 locus,
859 1812 952 1864 quid
991 1812 1042 1852 sit
1070 1813 1401 1865 hyposcaenium‚
1440 1812 1534 1865 quid
1569 1821 1664 1864 pro-

144 1878 366 1931 scaenium,
403 1880 729 1933 parascaenia
767 1893 852 1921 esse
889 1881 972 1922 loca
1010 1881 1056 1921 ad
1100 1888 1314 1934 utrumque
1358 1893 1520 1921 scaenae
1564 1881 1665 1920 latus

146 1946 233 1987 sita.
290 1947 372 1988 lam
409 1948 520 1989 facile
561 1950 646 1990 fieri
682 1953 857 2003 poterat,
895 1956 939 1990 ut
969 1940 1117 1991 mutata
1150 1950 1335 2003 deinceps
1364 1949 1540 1991 vocabuli
1570 1962 1667 1989 sen-

145 2016 266 2057 tentia
287 2018 539 2070 parascaenia
558 2031 641 2059 non
662 2019 790 2059 solum
820 2019 928 2060 loca
959 2019 1022 2060 illa
1053 2019 1328 2072 significarent,
1360 2019 1427 2059 sed
1461 2018 1577 2059 etiam
1608 2031 1664 2066 ea,

236 2173 264 2217 r)
287 2175 356 2209 Hoc
392 2176 439 2210 ita
476 2186 553 2210 esse
588 2176 824 2210 illustrissima
861 2177 1058 2211 testimonia
1093 2177 1237 2222 probant
1272 2176 1403 2211 Arist.
1429 2176 1516 2210 Pae.
1542 2187 1574 2209 v.
1599 2176 1664 2210 987

142 2231 202 2265 ubi
230 2233 355 2266 histrio
390 2244 488 2267 sacra
518 2233 672 2268 facturus
703 2235 785 2268 dicit
815 2231 941 2280 χοῦτω
974 2233 1016 2269 τὸ
1053 2231 1241 2279 πρόβατον
1268 2234 1319 2278 τῷ
1337 2234 1482 2280 χορηγῷ
1509 2229 1668 2276 σώζεται,

143 2294 179 2323 et
201 2289 420 2325 Plutarch.
445 2291 566 2325 Phoc.
594 2293 644 2326 19.
661 2295 724 2326 καί
744 2303 832 2326 ποτε
853 2293 1052 2337 θεωμένων
1073 2290 1220 2329 καινοὺς
1243 2290 1451 2337 τραγῳδοὺς
1467 2289 1669 2334 Ἀθηναίων

144 2345 165 2380 ὁ
186 2347 256 2392 μὲν
282 2347 469 2395 τραγῳδὸς
494 2351 647 2384 εἰσιέναι
670 2351 807 2394 μέλλων
828 2349 1013 2393 βασιλίδος
1035 2347 1240 2397 πρόσωπον
1269 2346 1347 2395 ᾔτει
1377 2350 1449 2392 [καὶ
1481 2355 1573 2383 recte
1598 2350 1668 2383 eie-

144 2405 192 2438 cit
213 2404 241 2438 F
250 2406 504 2448 ritzschius]
530 2409 803 2452 κεκοσμημένας
834 2405 970 2445 πολλὰς
992 2408 1197 2445 πολυτελῶς
1221 2403 1382 2445 ὀπαδοὺς
1405 2409 1469 2440 καὶ
1486 2403 1667 2452 χορηγόν·

142 2462 206 2494 καὶ
237 2460 289 2508 μὴ
324 2464 549 2510 παρέχοντος
582 2460 778 2510 ἠγανάκτει
812 2468 872 2499 καὶ
909 2468 1049 2511 κατεῖχε
1090 2463 1129 2499 τὸ
1170 2466 1330 2512 θέατρον
1368 2461 1410 2498 οὗ
1448 2462 1669 2510 βουλόμενος

147 2520 352 2564 προελθεῖν.
397 2518 435 2556 Ὁ
459 2521 495 2555 δὲ
522 2520 683 2569 χορηγὸς
711 2520 928 2561 Μελάνθιος
961 2520 1072 2559 ὠθῶν
1108 2519 1218 2557 αὐτὸν
1253 2524 1304 2559 εἰς
1338 2520 1377 2555 τὸ
1415 2523 1532 2558 μέσον
1567 2521 1665 2566 ἐβόα.

146 2571 212 2616 τὴν
241 2579 434 2616 Φωκίωνος
463 2575 531 2624 οὐχ
561 2577 651 2624 ὁρᾷς
681 2584 835 2625 γυναῖκα
863 2581 1070 2627 προϊοῦσαν
1102 2577 1159 2615 ἀεὶ
1181 2578 1272 2625 μετὰ
1297 2580 1387 2625 μιᾶς
1409 2580 1669 2626 θεραπαινίδος

148 2642 180 2665 κ.
202 2643 232 2666 τ.
255 2635 296 2677 λ.,
320 2636 379 2669 ubi
402 2638 555 2679 tragicus
579 2639 704 2671 histrio
731 2650 805 2672 cum
829 2640 967 2681 reginae
993 2644 1108 2684 partes
1141 2639 1312 2672 sustinens
1342 2639 1504 2672 maiorem
1539 2640 1670 2681 flagitet

148 2690 335 2726 satellitum
359 2705 549 2737 numerum,
582 2696 791 2740 choregus
816 2702 970 2739 recusat,
999 2696 1180 2730 Phocionis
1205 2697 1386 2730 osteudens
1411 2707 1560 2741 uxorem,
1586 2708 1669 2740 quae

149 2757 214 2780 una
237 2749 359 2783 comite
382 2762 442 2784 usa
466 2752 501 2785 in
525 2752 696 2795 publicum
722 2752 874 2796 prodeat.
922 2752 1069 2795 Egregie
1093 2753 1172 2793 hoc,
1205 2757 1243 2784 ut
1267 2752 1336 2785 alia
1369 2754 1554 2796 permulta,
1584 2765 1668 2797 quae

151 2805 193 2837 ad
217 2815 288 2839 rem
311 2808 495 2842 scaenicum
531 2811 720 2854 pertinent,
759 2810 945 2854 explicavit
973 2811 1029 2844 vir
1065 2809 1276 2842 doctissimus
1314 2809 1351 2843 F.
1376 2810 1416 2845 V.
1442 2810 1469 2843 F
1478 2812 1668 2845 ritzsehe

146 2862 188 2895 nd
210 2862 431 2908 Aristoph.
456 2865 552 2901 Rau.
579 2879 609 2912 p.
638 2869 710 2902 172.

238 2920 267 2961 ²)
291 2931 321 2963 p.
350 2922 423 2956 135.
