2014 3204
1781 2 1791 9 ,,
1801 0 2014 42 „ww

944 267 1256 308 -186—

445 385 524 426 lam
558 397 650 425 vero
678 385 907 437 priusquam
939 395 1150 437 pergamus
1171 383 1416 435 investigare,
1448 382 1582 436 quales
1603 383 1690 424 illae
1711 383 1859 425 fuerint

336 459 477 502 vestes,
509 454 549 493 id
580 453 732 506 probe
763 453 1033 493 tenendum
1057 458 1150 501 est,
1181 452 1361 505 duplex
1383 463 1490 491 esse
1512 451 1710 491 omnino
1730 452 1858 505 apud

335 524 549 563 Graecos
599 522 1024 563 vestimentorum
1074 534 1251 574 genus,
1311 521 1523 560 alterum
1573 520 1857 561 tunicarum

336 589 584 643 (ἔνδυμα,
615 590 822 643 χιτών),
856 602 975 643 quae
996 590 1159 642 ipsum
1183 601 1361 641 corpus
1383 594 1629 641 tegerent,
1652 591 1858 632 alterum

335 672 487 708 eorum,
518 672 644 712 quae
665 664 887 711 togarum
910 659 1076 699 instar
1106 658 1293 698 tunicis
1321 658 1859 710 superiniiciebantur

336 726 648 782 (ἐπίβλημα,
690 727 1034 782 περίβλημα,
1074 723 1296 780 ἱμάτιον
1330 724 1661 781 Ἑλληνικόν)1).
1730 727 1858 781 Atque

335 810 423 838 oum
455 810 537 838 non
567 797 694 851 possit
725 810 811 837 esse
841 796 967 837 nostri
996 796 1183 844 instituti,
1214 795 1255 835 in
1287 808 1425 836 omnes
1457 808 1594 836 eorum
1624 796 1773 837 formas
1794 797 1860 837 in-

335 867 505 920 quirere,
539 880 586 906 ex
616 871 785 918 utroque
817 877 960 918 genere
992 877 1057 905 eas
1079 869 1234 904 tantum
1255 865 1476 916 seligamus‚
1509 877 1609 917 quae
1628 865 1861 918 potissimae

333 935 550 981 videantur,
583 934 806 987 quibusque
835 934 863 974 ii
884 934 1052 974 maxime
1073 933 1134 973 usi
1155 938 1259 981 sunt,
1292 946 1462 985 quorum
1484 934 1659 986 gravitati
1679 934 1860 987 inprimis

335 1009 476 1044 ornatu
508 1003 693 1055 cultuque
715 1003 938 1043 consultum
972 1015 1057 1042 esse
1077 1002 1199 1042 voluit
1221 1002 1449 1054 Aeschylus,
1481 1003 1546 1050 dii,
1579 1002 1686 1052 deae,
1705 1003 1858 1052 heroes,

335 1078 454 1120 vates,
486 1085 612 1124 reges,
643 1073 812 1124 reginae,
845 1072 1046 1112 civitatum
1078 1069 1335 1124 principes2).
1368 1071 1483 1118 Quod
1504 1071 1537 1111 si
1559 1084 1605 1111 ex
1626 1071 1747 1112 animi
1767 1083 1860 1112 sen-

333 1142 455 1182 tentia
485 1143 732 1190 successerit,
764 1142 858 1182 satis
886 1141 1106 1194 perspicue,
1130 1140 1283 1192 opinor,
1317 1151 1503 1192 apparere
1525 1141 1682 1192 poterit,
1714 1146 1859 1193 quanto

341 1223 460 1262 opere
493 1216 717 1263 quantoque
747 1211 889 1250 iudicio
921 1211 1132 1262 Aeschylus
1173 1209 1323 1248 auxerit
1353 1209 1624 1250 scaenicorum
1653 1215 1859 1262 spectacu-

334 1280 463 1319 lorum
495 1280 614 1319 decus
644 1286 762 1332 atque
784 1279 1124 1331 magnificentiam.
1171 1278 1315 1318 Verum
1336 1278 1435 1318 haec
1455 1278 1589 1319 omnia
1610 1279 1863 1321 vehementer

335 1361 473 1388 vereor
503 1361 552 1388 ne
583 1361 723 1400 parum
756 1348 922 1388 dilucide
953 1348 1122 1400 proponi
1153 1347 1308 1400 possint
1338 1347 1423 1387 sine
1443 1347 1491 1387 iis
1511 1347 1728 1400 praesidiis,
1759 1361 1862 1401 quae

335 1418 478 1458 artium
517 1422 775 1457 monumenta
812 1417 1075 1469 suppeditent.
1146 1418 1323 1465 Quorum
1355 1429 1433 1469 quo
1472 1417 1724 1468 paucioribus
1764 1418 1861 1458 mihi

334 1485 394 1524 uti
424 1485 545 1532 licuit,
578 1499 622 1525 eo
652 1486 926 1526 vehementius
948 1486 1074 1534 doleo,
1106 1486 1285 1525 nondum
1306 1485 1348 1524 in
1368 1485 1570 1538 publicum
1592 1485 1741 1526 editum
1765 1499 1861 1535 esse,

335 1554 439 1606 quod
473 1567 573 1605 opus
603 1554 833 1606 propediem
864 1555 912 1594 dc
942 1567 1076 1595 rerum
1115 1555 1383 1595 scaenicarum
1425 1554 1697 1594 monumentis
1727 1555 1860 1607 prodi-

334 1628 468 1662 turum
506 1628 595 1662 ante
632 1623 704 1662 hos
742 1628 912 1676 quatuor
950 1635 1074 1663 annos
1105 1623 1288 1675 promisit
1317 1623 1386 1662 Fr.
1420 1622 1721 1672 Wieselerss).
1783 1624 1861 1665 Sed

334 1704 412 1743 quo
443 1691 572 1731 verius
602 1692 741 1739 sentio,
774 1704 893 1749 quain
925 1705 1006 1732 non
1036 1692 1191 1744 possint
1221 1692 1331 1739 haec,
1364 1704 1463 1743 quae
1494 1691 1594 1739 dedi,
1625 1692 1781 1744 explere
1804 1693 1861 1733 vi-

334 1772 469 1799 rorum
509 1760 715 1800 doctorum
755 1761 1111 1812 exspectationem,
1143 1760 1287 1812 quippe
1326 1772 1423 1811 quae
1461 1771 1512 1798 ne
1554 1771 1662 1800 meae
1700 1761 1860 1813 quidem

335 1828 588 1876 satisfaciant,
621 1829 821 1885 eo-magis
852 1829 893 1876 ii,
923 1829 990 1880 qui
1021 1828 1252 1868 lautioribus
1283 1828 1487 1880 praesidiis
1516 1829 1701 1880 gaudent,
1732 1830 1860 1879 velim,

336 1896 395 1935 his
427 1897 539 1948 ipsis,
578 1909 680 1949 quae
719 1898 835 1949 paulo
868 1896 1093 1937 obscuriora
1132 1909 1219 1936 esse
1259 1909 1419 1937 necesse
1450 1900 1521 1945 est,
1554 1896 1786 1947 excitentur,
1818 1904 1863 1939 ut

334 1965 542 2016 aliquando
575 1971 796 2018 exoptatam
827 1966 901 2018 ipsi
931 1966 1098 2006 afferant
1127 1966 1255 2006 lucem
1273 1966 1318 2015 ⁴²).
1378 1965 1582 2017 Equidem,
1615 1966 1648 2006 si
1678 1966 1771 2019 quid
1799 1967 1861 2007 his

335 2033 486 2074 auxiliis
518 2034 679 2074 orbatus
719 2035 874 2074 efficere
903 2035 1033 2087 potui,
1073 2034 1113 2074 id
1143 2033 1396 2086 potissimum
1429 2033 1554 2080 volui,
1595 2038 1639 2073 ut
1669 2043 1750 2073 non
1779 2036 1863 2073 tam

428 2186 454 2227 ¹)
482 2186 531 2219 Cf.
559 2186 615 2219 W.
649 2186 687 2219 A.
716 2185 890 2228 Becker,
928 2184 1104 2218 Charikles
1139 2183 1178 2217 T.
1209 2183 1248 2217 II.
1282 2195 1309 2227 p.
1346 2184 1410 2217 309
1436 2195 1503 2227 sqq.
1552 2182 1594 2216 H.
1619 2183 1657 2216 Ο.
1682 2183 1863 2226 Miiller,

335 2243 466 2276 llandb.
494 2244 552 2276 der
578 2243 824 2284 Archaeologie
851 2244 910 2275 der
935 2241 1047 2275 Runst
1077 2253 1108 2285 p.
1133 2242 1201 2275 466
1226 2253 1295 2285 sqq.
1343 2242 1390 2275 De
1420 2241 1630 2283 discrimine,
1655 2242 1743 2285 quod
1771 2241 1864 2275 inter

334 2299 471 2344 ἔνδυμα
497 2305 532 2333 et
555 2301 758 2345 περίβλημα
784 2300 969 2333 intercedit
999 2298 1042 2332 cf.
1069 2300 1247 2344 Hesych.
1278 2311 1306 2332 υ.
1324 2298 1499 2344 ἐξωμίςς
1520 2295 1667 2343 χιτών
1691 2297 1785 2343 ὁμοῦ
1802 2299 1864 2332 καὶ

337 2352 528 2401 ἱμάτιον·
562 2354 628 2398 τὴν
660 2355 731 2401 γὰρ
761 2356 931 2403 ἑκατέρου
956 2358 1086 2400 χρείαν
1119 2358 1310 2401 παρεῖχεν·
1340 2358 1400 2390 καὶ
1419 2358 1617 2401 χιτῶνος
1640 2355 1710 2402 μὲν
1733 2353 1794 2390 διὰ
1819 2353 1861 2389 τὸ

337 2410 609 2451 ζώννυσθαι·
636 2413 815 2458 ἱματίου
839 2412 887 2446 δὲ
912 2411 984 2445 ὅτι
1008 2410 1055 2444 τὸ
1081 2411 1234 2459 ἕτερον
1262 2415 1394 2461 μέρος
1418 2410 1704 2457 ἀνεβάλλετο’
1729 2413 1815 2457 παρ’
1843 2408 1863 2445 ὃ

335 2471 395 2504 καὶ
421 2471 454 2503 οἱ
479 2472 632 2515 κωμικοὶ
658 2467 715 2503 ὁτὲ
738 2468 808 2514 μὲν
831 2467 971 2512 ἔνδυθι,
996 2466 1053 2503 ὁτὲ
1076 2468 1113 2502 δὲ
1137 2472 1346 2514 περιβαλοῦ.
1396 2470 1444 2504 Cf.
1470 2479 1499 2514 p'.
1529 2472 1603 2515 000,
1619 2476 1687 2504 not.
1712 2470 1743 2503 4.

429 2531 455 2570 ²)
479 2527 610 2561 Praeiit
633 2528 667 2561 in
691 2527 744 2561 his
769 2528 871 2559 rebus
889 2527 1095 2570 exponendis
1114 2528 1202 2561 viam
1220 2528 1275 2561 vir
1293 2528 1507 2561 clarissimus
1523 2528 1562 2560 F.
1588 2528 1627 2562 G.
1653 2528 1858 2569 Senecae,

337 2586 376 2618 de
402 2596 621 2629 personarum
646 2586 681 2618 in
707 2585 881 2628 Euripidis
906 2584 1097 2616 Bacchabus
1122 2584 1240 2617 habitu
1265 2586 1411 2618 scenico.
1460 2585 1596 2627 Lipsiae
1624 2585 1720 2618 1831.

427 2641 453 2683 ³)
479 2643 538 2676 Fr.
557 2642 790 2683 Wieseler,
822 2641 890 2674 das
918 2640 1165 2684 Satyrspiel
1197 2642 1229 2674 in
1263 2642 1470 2685 „Gottinger
1494 2642 1647 2675 Studien.
1672 2641 1709 2674 ΙΙ.
1741 2642 1863 2676 1847.“

336 2699 472 2742 saepius
508 2701 624 2733 laudat
661 2711 741 2743 opus
774 2709 868 2732 suum
901 2708 979 2730 mox
1011 2698 1172 2731 edendum
1197 2698 1596 2742 „Theatergebiiude
1621 2698 1703 2731 und
1728 2698 1862 2731 Deuk-

336 2758 466 2791 miiler
503 2758 571 2790 des
605 2757 944 2790 Biihnenwesens
976 2756 1042 2788 bei
1073 2756 1147 2789 den
1175 2755 1392 2789 Griechcn
1418 2756 1499 2788 und
1524 2754 1748 2798 Romern,“
1773 2755 1862 2798 quod

337 2815 505 2858 hucusque
524 2814 650 2848 editum
676 2826 740 2847 non
767 2819 829 2848 est.
879 2813 1025 2855 [Prodiit
1041 2824 1070 2846 a.
1101 2813 1210 2854 1851]

427 2871 456 2913 ⁴)
481 2870 542 2912 [Cf.
562 2870 751 2905 Wieselcri
774 2881 950 2905 censuram
966 2871 1067 2904 huius
1085 2871 1208 2914 capitis
1227 2870 1262 2903 in
1280 2869 1542 2913 „Gottingische
1559 2863 1713 2911 gelehrte
1729 2867 1858 2902 Anzei-

338 2939 401 2971 gen
430 2929 537 2961 1852(ι
563 2940 592 2972 p.
623 2928 707 2961 1879
725 2930 806 2973 sqq.]
