2014 3204
502 1207 576 1257 DE
615 1207 822 1258 SCAENA
858 1207 1094 1261 EIUSQUE
1130 1207 1530 1258 EXORNATIONE.

372 1493 579 1534 Ordiamur
601 1505 621 1531 a
643 1504 783 1532 scaena
814 1498 993 1532 actorum
1017 1493 1187 1544 propria,
1220 1505 1320 1545 quae
1341 1492 1415 1532 etsi
1446 1493 1570 1532 multo
1601 1492 1663 1532 illa
1693 1498 1784 1544 post

258 1562 499 1602 orchestram
531 1566 615 1600 erat
643 1560 835 1608 instituta,
880 1566 1013 1600 tamen
1045 1574 1092 1600 ex
1137 1573 1213 1613 quo
1259 1561 1456 1602 actoribus
1502 1561 1548 1601 ab
1594 1561 1780 1612 Aeschylo

257 1631 406 1682 primae
427 1630 509 1670 dari
530 1635 689 1681 coeptae
721 1634 830 1668 erant
851 1634 994 1680 partes,
1025 1629 1208 1680 primaria
1231 1630 1332 1670 facta
1363 1636 1434 1676 est,
1465 1629 1505 1669 in
1528 1642 1603 1681 qua
1632 1629 1784 1670 fabulae

258 1698 559 1750 peragebantur,
590 1697 732 1737 theatri
764 1709 867 1748 pars.

373 1766 504 1813 Qualis
534 1766 652 1817 igitur
690 1765 766 1804 fuit
803 1778 939 1804 scaena
971 1764 1181 1817 Aeschyli?
1250 1766 1358 1812 Quae
1389 1766 1471 1806 eius
1501 1771 1645 1818 partes,
1686 1777 1785 1817 quae

263 1831 500 1873 exornatio?
559 1833 646 1873 Non
678 1845 843 1884 usquam
867 1833 971 1885 apud
1001 1839 1152 1874 veteres
1174 1834 1341 1874 inveniri
1371 1834 1578 1874 fatendum
1610 1837 1670 1873 est
1700 1845 1787 1872 cer—

263 1908 344 1941 tam
377 1901 576 1953 quandam
607 1901 841 1952 Aeschyleac
886 1914 1050 1941 scaenae
1095 1902 1410 1954 descriptionem.
1477 1902 1660 1941 Attamen
1696 1913 1786 1940 cum

265 1980 424 2009 omnem
454 1981 538 2008 rem
570 1969 787 2008 scaenicam
820 1969 1058 2022 Aeschylum
1089 1971 1260 2010 sciamus
1292 1983 1468 2018 novasse,
1513 1983 1601 2009 cum
1635 1981 1785 2015 eorum,
1843 1993 1846 1997 ·

263 2038 329 2089 qui
347 2037 582 2089 Aeschylum
601 2037 726 2076 secuti
742 2042 847 2083 sunt,
878 2043 1084 2089 poetarum
1102 2043 1168 2078 aut
1186 2038 1316 2077 nullae
1333 2044 1399 2078 aut
1425 2038 1587 2089 exiguae
1602 2037 1659 2076 rei
1676 2050 1785 2077 scae-

260 2106 371 2145 nicae
402 2105 643 2144 mutationes
666 2110 1043 2154 commemorentur,
1074 2106 1206 2158 itaque
1238 2119 1318 2146 non
1352 2107 1521 2146 multum
1553 2105 1786 2145 discriminis

260 2174 367 2212 inter
391 2173 515 2224 ipsius
538 2178 577 2213 et
596 2173 840 2226 reliquorum
871 2186 1054 2214 scaenam
1084 2174 1209 2214 fuisse
1240 2173 1424 2214 credibile
1459 2174 1522 2221 sit,
1553 2173 1786 2220 rectissime,

263 2241 417 2293 opinor,
462 2240 518 2280 sic
547 2240 748 2288 faciemus,
779 2247 824 2280 ut
853 2241 1053 2293 proposita
1084 2246 1202 2292 atquc
1233 2242 1467 2290 examinata,
1498 2243 1623 2294 qualis
1654 2255 1674 2281 a
1695 2242 1788 2282 Pol—

261 2310 348 2349 luce
379 2309 543 2360 aliisque
565 2309 679 2348 nobis
699 2309 841 2349 tradita
869 2314 939 2355 est,
970 2321 1133 2349 scaenae
1164 2309 1465 2349 adumbratione
1495 2310 1718 2356 doceamus,
1749 2315 1790 2349 et

263 2377 358 2429 quid
388 2377 435 2417 ab
451 2377 639 2428 Aeschylo
670 2389 809 2417 recens
841 2390 928 2418 esse
958 2377 1177 2426 inventum,
1210 2382 1249 2417 et
1279 2377 1373 2429 quid
1404 2378 1584 2418 nondum
1614 2377 1788 2417 extitisse

263 2446 346 2485 eius
378 2450 504 2486 aetate
533 2445 721 2485 videatur.

376 2513 614 2566 Priusquam
646 2518 777 2553 autem
808 2514 855 2554 ad
885 2526 971 2553 rem
1003 2514 1130 2566 ipsam
1163 2514 1428 2566 explicandam
1459 2513 1653 2560 accedam,
1683 2513 1788 2552 iuvat

264 2593 422 2621 omnem
453 2594 580 2621 meam
599 2594 698 2634 quae
717 2586 777 2622 est
807 2582 854 2622 de
886 2594 1047 2622 scaenae
1079 2582 1395 2621 conformatione
1416 2581 1653 2621 sententiam
1684 2586 1788 2620 tam-

265 2662 382 2701 quam
415 2649 546 2689 tahula
578 2650 815 2701 descriptam
847 2650 1112 2701 praemittere,
1160 2655 1203 2690 ut
1233 2663 1275 2690 ea
1320 2662 1399 2689 uno
1445 2650 1556 2700 quasi
1600 2650 1790 2702 adspectu

264 2718 391 2769 possit
421 2718 603 2770 perspici,
636 2731 760 2770 eoque
790 2718 952 2766 facilius,
988 2718 1020 2757 si
1053 2719 1119 2769 qui
1149 2718 1254 2758 hunc
1298 2717 1469 2757 libellum
1515 2717 1595 2757 sint
1639 2718 1789 2763 lecturi,

266 2791 305 2824 et
335 2786 491 2837 possint
512 2792 551 2825 et
581 2786 702 2826 velint
731 2786 844 2838 sequi
875 2786 1105 2837 spinosioris
1137 2787 1252 2826 huius
1283 2792 1401 2837 atque
1432 2787 1677 2838 squalidioris
1709 2786 1788 2826 dis-

266 2853 491 2904 quisitionis
522 2854 701 2906 ambages
734 2861 772 2894 et
802 2854 1003 2894 senticeta.
