2014 3204
762 319 813 325 —-
880 295 1072 335 139—

156 415 263 468 quod
294 414 355 453 illa
386 413 575 465 praebent
613 409 938 466 proscaenia?
996 411 1156 450 Minime
1200 423 1314 459 ver03
1359 411 1482 451 immo
1529 411 1682 450 videtur

159 478 200 523 in
229 482 295 526 illo
327 482 417 524 loco
444 487 512 522 aut
540 481 743 534 scriptoris
772 486 842 520 aut
871 479 1015 519 librarii
1045 479 1178 519 inesse
1213 480 1371 520 menda.
1430 479 1483 519 Ac
1512 479 1684 531 scriptor

161 551 318 604 quidem
364 550 574 590 verborum
615 549 772 589 illorum
816 548 908 587 licet
936 547 1014 594 ille,
1061 547 1249 599 quidquid
1295 548 1343 587 ad
1373 547 1552 600 Aeschyli
1596 559 1681 587 rem

157 619 379 660 scaenicam
411 618 595 670 pertinet,
626 615 922 668 diligentissime
951 615 1205 666 congesserit,
1251 620 1453 655 accuratae
1497 615 1685 655 scientiae

157 688 307 728 nullam
336 687 428 727 facit
456 686 584 733 fidem,
615 685 762 738 quippe
792 683 1029 736 qui'ordine
1064 682 1233 722 maxime
1276 682 1507 734 perturbato
1553 683 1684 723 diver-

161 755 317 796 sissima
345 767 524 807 quaeque
552 753 767 794 miscuerit.
827 750 999 796 Accedit,
1030 750 1135 802 quod
1181 749 1303 802 ipsius
1333 749 1511 790 vocabuli
1556 751 1684 790 forma

158 825 246 864 iure
275 823 529 864 offendimur.
588 821 795 870 Quomodo
826 820 930 860 enim
965 818 1126 871 pluralis
1169 829 1359 858 numerus
1404 824 1537 871 potest
1577 818 1683 865 ferri,

158 903 249 932 cum
280 895 435 931 constet
466 902 577 937 eum,
622 890 688 941 qui
733 894 826 928 ante
855 899 1037 928 scaenam
1067 891 1145 932 est,
1190 887 1321 928 locum
1366 898 1449 926 non
1493 900 1580 927 esse
1609 886 1684 926 nisi

156 957 316 1000 unum?
375 958 452 998 Sed
484 958 527 997 in
557 958 666 998 hunc
694 962 830 997 tamen
875 967 1052 996 errorem
1096 954 1209 996 facile
1252 960 1438 1007 poterant
1480 955 1684 995 incurrere

155 1025 418 1080 parascaeniis
446 1025 612 1072 inducti,
642 1037 743 1076 quae
772 1024 932 1077 quidem
954 1029 1062 1076 patet
1090 1028 1197 1064 recte
1228 1023 1304 1063 dici
1332 1022 1475 1075 plurali
1505 1034 1683 1062 numero.

156 1094 322 1135 Maxime
353 1105 445 1134 vero
474 1105 518 1133 re
546 1093 631 1145 ipsa
668 1092 892 1140 incitamur,
930 1096 973 1132 ut
1008 1091 1215 1132 reiciamus
1259 1091 1353 1131 illud
1396 1091 1683 1131 testimonium.

157 1162 263 1225 Quid
291 1159 432 1202 enim?
489 1161 578 1209 Quo
607 1166 788 1214 tempore
819 1161 990 1214 primum
1022 1164 1220 1199 exstructa
1251 1164 1313 1199 est
1341 1171 1496 1206 scaena,
1527 1172 1576 1199 ex
1604 1172 1683 1211 qua

156 1231 419 1284 procederent
447 1229 667 1278 histriones,
696 1241 833 1270 nonne
862 1228 1003 1269 eodem
1042 1227 1159 1266 etiam
1199 1227 1377 1274 extitisse
1418 1240 1581 1268 necesse
1626 1232 1686 1267 est

158 1300 290 1340 locum
333 1303 426 1338 ante
471 1310 654 1340 scaenam
698 1299 842 1346 situm,
886 1292 1197 1350 proscaenium?
1286 1295 1403 1343 Quod
1449 1308 1540 1335 cum
1596 1300 1687 1335 ante

159 1366 393 1419 Aeschylum
423 1365 571 1406 factum
606 1376 691 1404 esse
720 1362 977 1404 manifestum
1006 1363 1072 1410 sit,
1117 1374 1199 1403 non
1230 1363 1452 1415 posse'hoc
1480 1364 1687 1404 inventum

159 1435 339 1488 Aeschyli
378 1434 497 1474 tribui
541 1437 684 1486 sponte
715 1431 896 1472 efficitur.
957 1431 1305 1472 Verumenimvero
1336 1444 1426 1472 cum
1458 1445 1542 1473 non
1571 1432 1689 1473 liceat

159 1503 323 1544 omnino
354 1503 448 1543 illud
479 1500 713 1542 vocabulum
744 1490 1128 1551 delere‚‘legendum
1160 1512 1231 1552 ego
1269 1512 1411 1540 censeo
1457 1497 1690 1556 παρασκή-

159 1585 236 1613 νια
263 1583 336 1624 pro
368 1567 628 1625 προσκήνια,
675 1580 771 1621 quas
817 1579 933 1608 voces
962 1579 1249 1621 nonnunquam
1295 1573 1558 1610 commutatas
1602 1582 1691 1610 esse

161 1640 239 1680 iam
268 1651 389 1692 supra
419 1638 590 1680 vidimus
619 1637 662 1677 in
690 1636 1051 1689 Alciphronis1)
1096 1637 1203 1683 loco,
1250 1649 1329 1689 quo
1358 1637 1577 1678 Meinekius
1620 1649 1693 1690 pro

164 1707 452 1761 προσκηνίοις
480 1706 729 1747 intellexerat
758 1704 1013 1745 scribendum
1058 1717 1146 1746 csse
1190 1706 1526 1759 παρασκηνίοις.
1588 1705 1692 1754 Quid

161 1781 296 1817 autem
326 1775 402 1815 sibi
431 1775 535 1823 velit,
567 1778 839 1826 quantumque
871 1772 1057 1821 valuerit,
1102 1774 1210 1826 quod
1254 1774 1503 1826 parascaenia
1549 1774 1693 1814 dicitur

161 1844 381 1884 instituisse
409 1843 640 1895 Aeschylus,
669 1853 752 1880 non
774 1841 921 1893 poterit
942 1853 1030 1881 esse
1060 1841 1289 1890 obscurum,
1321 1842 1355 1881 si
1385 1842 1426 1881 in
1456 1842 1690 1883 memoriam

162 1911 473 1952 revocaverimus
503 1923 576 1964 per
605 1908 858 1962 parascaenia
886 1909 950 1949 illa
980 1909 1029 1949 ab
1058 1915 1230 1963 utroque
1266 1910 1386 1950 latere
1431 1910 1692 1950 histrionibus

162 1980 337 2034 patuisse
381 1980 533 2020 aditum
572 1979 615 2018 in
644 1990 838 2019 scaenam.
898 1976 1050 2030 Nempe
1095 1984 1140 2017 ut
1182 1982 1276 2018 ante
1306 1977 1541 2030 Aeschylum
1588 1990 1692 2018 unus

162 2049 229 2090 ille
257 2053 379 2095 actor,
410 2048 479 2101 qui
500 2059 640 2087 omnes
669 2045 857 2097 deinceps
878 2045 1114 2098 suscipiebat
1133 2049 1281 2098 partes,
1314 2058 1362 2086 ex
1392 2046 1475 2086 sola
1496 2046 1560 2086 illa
1591 2058 1693 2098 quae

168 2129 260 2157 mox
291 2116 445 2158 ductilis
475 2116 576 2155 sacta
606 2119 667 2154 est
695 2126 833 2154 scaena
853 2113 1178 2166 progrediebatur
1208 2114 1249 2153 in
1281 2114 1567 2167 proscaenium,
1597 2126 1694 2155 nar-

163 2196 256 2226 rans
287 2184 411 2236 magis
440 2190 558 2236 atque
586 2183 768 2231 recitans,
802 2194 900 2235 quae
929 2186 1014 2222 acta
1046 2188 1171 2229 erant,
1201 2194 1319 2234 quam
1350 2183 1436 2235 ipse
1465 2194 1597 2234 agens,
1641 2183 1693 2223 ita

164 2252 391 2305 Aeschylus,
420 2257 630 2304 postquam
652 2264 742 2291 cum
772 2251 895 2290 altero
916 2250 1107 2291 histrione
1134 2251 1264 2303 coepit
1293 2251 1363 2298 uti,
1394 2257 1479 2290 tum
1509 2263 1695 2292 scaenam

166 2320 351 2361 versilem
393 2319 616 2372 (periactos)
662 2319 848 2367 instituit,
894 2319 1138 2371 omninoque
1183 2319 1226 2358 in
1272 2319 1527 2360 dramaticam
1572 2321 1696 2372 magis

164 2389 335 2430 formam
379 2387 529 2439 redegit
575 2387 803 2440 tragoedias,
848 2388 925 2428 hoc
969 2387 1109 2435 effecit,
1155 2395 1210 2434 ut,
1260 2387 1307 2427 ab
1355 2392 1526 2440 utroque
1574 2388 1695 2428 latere

167 2468 336 2498 scaenae
383 2468 474 2496 cum
517 2455 756 2507 patefaceret
786 2455 930 2504 aditus,
962 2455 1175 2495 histriones
1207 2454 1288 2495 sive
1318 2468 1366 2495 ex
1410 2455 1552 2495 vicinia
1598 2456 1696 2502 eius,

168 2537 268 2578 quae
289 2524 443 2578 depicta
464 2529 558 2571 erat,
578 2523 788 2576 primariae
810 2537 983 2573 scaenae,
1005 2524 1088 2564 sive
1116 2536 1279 2577 peregre
1308 2524 1493 2563 advenire
1537 2530 1700 2576 possent

168 2593 302 2633 videri.
349 2593 434 2640 Qua
464 2604 508 2632 re
538 2603 620 2632 non
640 2592 770 2644 potuit
788 2604 868 2632 non
889 2593 1021 2644 augeri
1037 2593 1160 2633 totius
1192 2592 1359 2633 actionis
1389 2592 1550 2632 varietas
1580 2597 1699 2644 atque

172 2660 328 2700 veritas.
352 2683 407 2690 —
429 2660 534 2700 Num
555 2673 648 2700 vero
670 2660 788 2701 etiam
809 2660 983 2701 aedificia
1002 2660 1079 2708 illa,
1109 2661 1156 2701 ad
1188 2660 1440 2700 condendum
1462 2659 1699 2700 histrionum

171 2730 530 2783 choreutarumque
561 2736 791 2783 apparatum
822 2730 1113 2770 accommodata
1146 2731 1264 2781 (quae
1285 2728 1563 2768 Demosthenis
1594 2734 1698 2768 tem-

172 2808 270 2849 pore
313 2798 561 2849 parascaenia
606 2805 740 2839 vocata
772 2811 858 2839 esse
903 2798 1218 2838 demonstratum
1250 2798 1325 2845 est)
1371 2796 1419 2835 ad
1463 2794 1698 2847 Aeschylum

266 2946 291 2988 ¹)
317 2947 496 2990 Alciph
512 2958 539 2980 r.
566 2958 638 2991 epp.
663 2947 701 2981 11.
727 2960 756 2992 p.
785 2948 860 2981 230.
886 2948 996 2989 Bergl.
1023 2946 1063 2980 cf.
1090 2958 1120 2990 p.
1146 2945 1255 2980 XXII.
