2014 3204
746 255 1053 295 —125—

144 371 231 422 τόν
243 373 458 428 τραγικῶν
471 368 704 414 α’πόκειται
716 374 867 421 πίστις
882 395 936 401 -
952 377 1078 413 ποιεῖ’
1096 367 1228 413 αὗτὸν
1243 367 1468 423 Αἰσχύλον
1477 369 1658 421 λέγοντα

417 445 549 484 Τοῖσι
579 447 727 497 χοροῖς
756 439 883 490 αὗτὸς
910 441 965 482 τὰ
995 436 1173 496 σχήματ’
1203 438 1398 482 ἐποίουν.

146 509 222 552 καὶ
251 508 392 554 πᾶλιν

569 579 680 629 Τοὺς
711 575 885 635 Φρύγας
914 578 1017 620 οἶδα
1046 578 1246 633 θεωρῶν,
1326 623 1328 625 ‚

204 646 366 706 ὅτετῴ·
398 646 586 705 Πριάμῳ
618 647 930 703 συλλυσόμενοι
960 648 1039 690 τὸν
1059 644 1186 688 παῖδ’
1215 643 1358 701 ἦλθον
1385 646 1617 695 τεθνεῶτα,

206 717 351 760 πολλὰ
379 719 550 760 τοιαυτὶ
580 717 654 759 καὶ
683 717 853 759 τοιαυτὶ
884 717 956 759 καὶ
987 717 1115 771 δεῦρο
1146 718 1508 771 σχηματίσαντας.

261 789 339 832 Sed
366 794 501 830 tamen
530 795 576 830 ut
604 790 701 830 haec
730 789 863 829 omnia
893 788 1104 841 Aeschylus
1143 791 1278 839 posset
1308 786 1463 827 efficere
1493 786 1568 826 dici
1597 786 1660 826 vix

147 862 291 911 potest,
321 864 512 912 quantum
543 873 588 900 eo
618 859 738 900 fuerit
766 858 936 907 adiutus,
977 858 1082 910 quod
1125 862 1211 897 tum
1255 856 1430 909 primum
1475 861 1659 908 coeptum

148 932 208 968 est
235 927 372 968 stabile
401 929 556 982 aliquod
593 929 707 969 condi
735 928 931 969 theatrum
968 941 1013 967 ex
1042 926 1188 980 lapide,
1220 938 1309 966 cum
1340 931 1452 966 antea
1482 926 1529 966 ad
1558 930 1660 966 tem-

145 1008 220 1048 pus
248 1001 402 1036 tantum
421 997 559 1038 fuisset
580 1003 775 1038 exstructa
808 1004 847 1038 et
877 1008 1015 1038 scaena
1046 1009 1137 1036 cum
1168 996 1366 1036 orchestra
1397 1000 1436 1035 et
1465 1000 1660 1048 spectato-

146 1077 239 1105 rum
267 1066 392 1118 lignea
435 1067 617 1118 sedilia1).
676 1068 907 1119 Quanquam
953 1079 1003 1106 ne
1046 1065 1186 1105 theatri
1230 1065 1389 1117 quidem
1435 1063 1662 1104 aedificandi

147 1134 360 1188 Aeschylus
390 1148 472 1177 non
501 1137 653 1177 videtur
683 1137 805 1176 fuisse
836 1141 980 1176 auctor.
1042 1134 1161 1175 Cuius
1192 1134 1390 1187 opinionis
1427 1133 1542 1173 fidem
1574 1140 1662 1173 tan-

147 1209 234 1244 tum
264 1205 375 1245 abest
418 1211 463 1245 ut
496 1211 673 1247 veterum
717 1205 943 1246 testimonia
972 1204 1188 1256 infringant
1232 1208 1277 1243 ut
1321 1216 1408 1243 eam
1451 1203 1662 1243 videantur

149 1285 304 1325 augere.
347 1273 518 1315 Narrant
548 1275 667 1323 enim,
696 1280 870 1315 certante
899 1274 1086 1326 Aeschylo
1118 1285 1207 1313 cum
1238 1272 1394 1313 Pratina
1426 1278 1463 1312 et
1484 1273 1661 1312 Choerilo

150 1342 344 1383 corruisse
372 1343 543 1384 tabulata
573 1344 726 1397 Olymp.
759 1344 824 1395 70,
860 1345 911 1394 1),
944 1355 1115 1395 eumque
1147 1342 1197 1382 ob
1238 1354 1372 1382 casum
1416 1341 1660 1382 aedificatum

149 1423 236 1452 esse
264 1412 463 1453 theatrum
509 1426 530 1452 e
559 1426 650 1453 saxo
682 1413 725 1462 (S
738 1413 829 1453 uid.
862 1426 896 1452 v.
930 1413 1226 1466 Πρατίνας.
1257 1407 1567 1464 ἀντηγωνίζετο
1612 1408 1662 1450 δὲ

154 1478 363 1536 Λῖσχύλῳ
391 1497 438 1522 τε
467 1479 541 1522 καὶ
568 1480 763 1536 Χοιρίλῳ
794 1480 870 1522 ἐπὶ
900 1482 975 1536 τῆς
1004 1478 1327 1535 ἑβδομηκοστῆς
1349 1476 1661 1532 Ὀλυμπιάδος,

148 1547 224 1598 καὶ
254 1549 423 1604 πρῶτος
466 1549 633 1606 ἔγραψε
669 1547 894 1606 σατύρους.
937 1548 1393 1601 ἐπιδεικνυμένου
1438 1547 1499 1589 δὲ
1541 1546 1660 1588 τού-

147 1631 240 1659 του
270 1620 459 1674 συνέβη
491 1618 553 1660 τὰ
583 1620 751 1674 ἰκρία,
796 1616 861 1673 ἐφ’
894 1614 952 1660 ὦν
982 1616 1217 1673 ἑστήκεσαν
1261 1615 1304 1658 οἳ
1348 1618 1526 1664 θεαταί,
1567 1631 1662 1656 πε-

149 1693 285 1737 σεῖν,
328 1688 403 1729 καὶ
443 1686 491 1728 ἐκ
519 1684 674 1730 τούτου
715 1689 907 1743 θέατρον
951 1684 1216 1743 ᾠκοδομήθη
1241 1684 1549 1742 Ἀθηναίοις),
1594 1686 1662 1726 ad-

150 1758 329 1811 duntque
358 1759 589 1811 Aeschylum
617 1764 779 1812 propter
808 1759 911 1798 illam
943 1757 1123 1798 sedilium
1162 1757 1318 1797 ruinam
1364 1756 1576 1809 profugum
1621 1756 1662 1795 in

150 1827 317 1868 Siciliam
349 1841 435 1868 esse
465 1830 683 1880 profectum
712 1827 843 1880 ibique
873 1827 1069 1868 testudine
1101 1840 1147 1867 ex
1186 1826 1336 1879 aquilae
1366 1825 1562 1877 unguibus
1592 1825 1663 1864 de-

152 1895 272 1936 missa
301 1897 518 1936 sauciatum
550 1903 718 1937 mortem
750 1897 904 1937 obiisse.
954 1897 1082 1937 Suid.
1124 1909 1157 1935 v.
1192 1900 1238 1936 Α
1249 1890 1371 1946 ἷσχύ
1379 1893 1483 1942 λος·
1515 1891 1664 1948 φυγών

151 1961 201 2004 δὲ
230 1963 292 2012 εἷς
321 1963 540 2014 Σικελίαν,
571 1963 649 2005 διὰ
677 1964 725 2006 τό
757 1972 911 2006 πεσεῖν
938 1963 993 2005 τὰ
1025 1957 1143 2019 ἰκρία
1176 1962 1539 2017 ἐπιδεικνυμένου
1584 1958 1663 2002 αὗ-

150 2032 238 2083 vos),
267 2030 450 2088 χελώνης
495 2032 801 2088 ἒπιῤῥιφείσης
844 2030 961 2088 αὐτῷ’
1004 2029 1091 2074 ὑπὸ
1136 2029 1264 2073 ἇετοῦ
1309 2033 1515 2087 φέροντος
1555 2030 1664 2071 κατὰ

150 2101 225 2156 τῆς
254 2100 454 2157 κεφαλῆς,
485 2099 686 2144 ἀπώλετο
718 2101 825 2143 ἐτῶν
852 2100 906 2157 νή
935 2099 1176 2155 γενόμενος.
1226 2101 1373 2148 Quibus
1405 2101 1558 2142 duobus
1588 2101 1664 2141 do-

151 2171 347 2211 cumentis
378 2184 496 2224 quam
527 2173 678 2212 diversa
708 2178 824 2224 atque
855 2171 1038 2211 distantia
1069 2171 1320 2219 misceantur,
1364 2176 1409 2210 ut
1437 2177 1584 2211 taceam
1618 2170 1665 2210 de
1729 2214 1740 2225 .

152 2239 303 2287 ceteris,
335 2252 434 2292 quae
463 2241 505 2280 in
534 2241 581 2281 iis
611 2241 763 2289 insunt,
794 2240 1002 2293 ineptiis²)‚
1034 2240 1133 2279 nihil
1162 2240 1301 2279 attinet
1331 2240 1406 2279 hoc
1449 2240 1535 2280 loco
1580 2239 1664 2278 dis-

151 2309 316 2361 quirere.
377 2309 532 2350 Scilicet
559 2310 606 2358 is,
636 2311 702 2362 qui
732 2310 1020 2362 septuagesima
1053 2308 1295 2361 Olympiade,
1326 2309 1461 2360 viginti
1491 2309 1664 2361 quinque

151 2389 276 2418 annos
307 2377 470 2428 natusss),
500 2379 669 2419 fabulam
700 2378 844 2426 docuit,
883 2378 915 2418 is
946 2378 1082 2418 eodem
1113 2390 1216 2419 anno
1246 2379 1288 2418 in
1320 2378 1490 2418 Siciliam
1534 2382 1665 2418 trans—

243 2529 270 2573 ¹)
294 2530 411 2564 Liban.
445 2531 620 2575 hypothes.
633 2563 637 2567 ,
657 2530 824 2563 Demosth.
860 2529 1001 2574 Olynth.
1026 2529 1050 2563 Ι.
1076 2541 1105 2574 p.
1133 2530 1163 2563 8.
1194 2529 1328 2563 Reiske.
1354 2530 1449 2563 Phot.
1474 2541 1504 2573 p.
1532 2529 1605 2563 106.
1630 2529 1662 2562 2.

153 2588 308 2622 Eustnth.
332 2589 393 2622 Od.
421 2591 457 2621 Γ.
484 2600 515 2632 p.
543 2588 639 2622 1472.
665 2588 756 2620 Suid.
782 2599 814 2621 v.
839 2589 944 2635 ἰκρία.

243 2645 269 2687 ²)
293 2645 436 2688 Egregie
460 2656 565 2689 nuper
590 2646 630 2678 de
653 2646 716 2678 hoc
740 2655 864 2687 genere
888 2646 1077 2688 disputavit
1105 2646 1161 2678 vir
1191 2645 1463 2687 elegantissimae
1488 2644 1663 2676 doctrinae

155 2701 361 2736 Lehrsius
393 2704 544 2747 „iiber
579 2704 838 2737 Wahrheit
862 2704 950 2736 und
981 2703 1227 2745 Dichtung
1251 2703 1297 2736 in
1334 2703 1416 2734 der
1440 2702 1663 2744 griechi-

156 2760 301 2793 schen
337 2760 968 2803 Litteraturgcschichte“
1004 2761 1045 2794 cf.
1082 2761 1197 2794 Rhein.
1236 2761 1388 2794 Muscam
1413 2758 1525 2794 Vl.1.
1551 2770 1582 2802 p.
1609 2759 1662 2791 58.

155 2828 223 2861 sqq.
250 2818 346 2852 1847.

246 2873 275 2916 ³)
300 2874 339 2908 G.
365 2876 587 2919 Hermann,
621 2879 661 2924 de
698 2878 799 2910 choro
818 2876 1033 2909 Eumenidum
1059 2876 1220 2920 Aeschyli
1256 2876 1394 2908 dissert.
1429 2874 1468 2908 Π.
1505 2875 1661 2918 Opuscul.

155 2932 182 2965 11
207 2943 237 2975 p.
265 2933 338 2966 144.
