<?xml version="1.0" encoding="UTF-8"?>
<!DOCTYPE html PUBLIC "-//W3C//DTD XHTML 1.0 Transitional//EN"
    "http://www.w3.org/TR/xhtml1/DTD/xhtml1-transitional.dtd">
<html xmlns="http://www.w3.org/1999/xhtml" xml:lang="en" lang="en">
 <head>
  <title>
</title>
<meta http-equiv="Content-Type" content="text/html;charset=utf-8" />
  <meta name='ocr-system' content='tesseract 3.04.00' />
  <meta name='ocr-capabilities' content='ocr_page ocr_carea ocr_par ocr_line ocrx_word'/>
</head>
<body>
  <div class='ocr_page' id='page_1' title='image "./scaenicacollecta00sommuoft_0027.png"; bbox 0 0 2014 3204; ppageno 0'>
   <div class='ocr_carea' id='block_1_1' title="bbox 0 0 459 110">
    <p class='ocr_par' dir='ltr' id='par_1_1' title="bbox 0 0 459 110">
     <span class='ocr_line' id='line_1_1' title="bbox 0 0 459 110; baseline 0 3094"><span class='ocrx_word' id='word_1_1' title='bbox 0 0 459 110; x_wconf 95' lang='lat' dir='ltr'><strong> </strong></span> 
     </span>
    </p>
   </div>
   <div class='ocr_carea' id='block_1_2' title="bbox 795 253 1077 292">
    <p class='ocr_par' dir='ltr' id='par_1_2' title="bbox 795 253 1077 292">
     <span class='ocr_line' id='line_1_2' title="bbox 795 253 1077 292; baseline 0.007 -11"><span class='ocrx_word' id='word_1_2' title='bbox 795 253 1077 292; x_wconf 56' lang='lat'>„15-</span> 
     </span>
    </p>
   </div>
   <div class='ocr_carea' id='block_1_3' title="bbox 163 368 1703 2533">
    <p class='ocr_par' dir='ltr' id='par_1_3' title="bbox 171 368 1703 626">
     <span class='ocr_line' id='line_1_3' title="bbox 285 368 1702 417; baseline 0.002 -9"><span class='ocrx_word' id='word_1_3' title='bbox 285 369 395 417; x_wconf 83' lang='lat' dir='ltr'><strong>Quae</strong></span> <span class='ocrx_word' id='word_1_4' title='bbox 423 380 514 408; x_wconf 88' lang='lat' dir='ltr'><strong>cum</strong></span> <span class='ocrx_word' id='word_1_5' title='bbox 545 370 596 408; x_wconf 83' lang='lat' dir='ltr'><strong>ita</strong></span> <span class='ocrx_word' id='word_1_6' title='bbox 627 369 728 416; x_wconf 86' lang='lat' dir='ltr'><strong>sint,</strong></span> <span class='ocrx_word' id='word_1_7' title='bbox 758 372 914 409; x_wconf 89' lang='lat' dir='ltr'><strong>tantum</strong></span> <span class='ocrx_word' id='word_1_8' title='bbox 946 368 1078 417; x_wconf 85' lang='lat' dir='ltr'><strong>abest,</strong></span> <span class='ocrx_word' id='word_1_9' title='bbox 1110 374 1155 409; x_wconf 92' lang='lat' dir='ltr'><strong>ut</strong></span> <span class='ocrx_word' id='word_1_10' title='bbox 1184 369 1448 410; x_wconf 85' lang='lat' dir='ltr'><strong>chorolectam</strong></span> <span class='ocrx_word' id='word_1_11' title='bbox 1482 383 1503 409; x_wconf 91' lang='lat' dir='ltr'><strong>e</strong></span> <span class='ocrx_word' id='word_1_12' title='bbox 1534 371 1702 411; x_wconf 89' lang='lat' dir='ltr'><strong>choreu-</strong></span> 
     </span>
     <span class='ocr_line' id='line_1_4' title="bbox 173 438 1703 490; baseline 0.003 -15"><span class='ocrx_word' id='word_1_13' title='bbox 173 441 307 478; x_wconf 82' lang='lat' dir='ltr'><strong>tarum</strong></span> <span class='ocrx_word' id='word_1_14' title='bbox 338 447 508 476; x_wconf 91' lang='lat' dir='ltr'><strong>numero</strong></span> <span class='ocrx_word' id='word_1_15' title='bbox 539 449 628 478; x_wconf 86' lang='lat' dir='ltr'><strong>esse</strong></span> <span class='ocrx_word' id='word_1_16' title='bbox 655 449 848 489; x_wconf 77' lang='lat' dir='ltr'><strong>negemus</strong></span> <span class='ocrx_word' id='word_1_17' title='bbox 878 441 922 477; x_wconf 92' lang='lat' dir='ltr'><strong>ut</strong></span> <span class='ocrx_word' id='word_1_18' title='bbox 953 449 1045 478; x_wconf 89' lang='lat' dir='ltr'><strong>eum</strong></span> <span class='ocrx_word' id='word_1_19' title='bbox 1076 438 1239 478; x_wconf 89' lang='lat' dir='ltr'><strong>omnino</strong></span> <span class='ocrx_word' id='word_1_20' title='bbox 1271 450 1291 477; x_wconf 88' lang='lat' dir='ltr'><strong>a</strong></span> <span class='ocrx_word' id='word_1_21' title='bbox 1325 438 1543 490; x_wconf 82' lang='lat' dir='ltr'><strong>coryphaeo</strong></span> <span class='ocrx_word' id='word_1_22' title='bbox 1575 439 1703 480; x_wconf 84' lang='lat' dir='ltr'><strong>diver-</strong></span> 
     </span>
     <span class='ocr_line' id='line_1_5' title="bbox 171 504 1703 560; baseline 0.001 -16"><span class='ocrx_word' id='word_1_23' title='bbox 171 516 378 548; x_wconf 37' lang='lat' dir='ltr'><strong>sumvnon</strong></span> <span class='ocrx_word' id='word_1_24' title='bbox 410 517 497 545; x_wconf 89' lang='lat' dir='ltr'><strong>esse</strong></span> <span class='ocrx_word' id='word_1_25' title='bbox 527 505 744 545; x_wconf 79' lang='lat' dir='ltr'>clarissime</span> <span class='ocrx_word' id='word_1_26' title='bbox 788 505 1000 546; x_wconf 81' lang='lat' dir='ltr'><strong>videamus.</strong></span> <span class='ocrx_word' id='word_1_27' title='bbox 1060 506 1197 546; x_wconf 89' lang='lat' dir='ltr'><strong>Plures</strong></span> <span class='ocrx_word' id='word_1_28' title='bbox 1229 506 1335 546; x_wconf 90' lang='lat' dir='ltr'><strong>enim</strong></span> <span class='ocrx_word' id='word_1_29' title='bbox 1366 504 1603 560; x_wconf 77' lang='grc' dir='ltr'><strong>ἐνδόσιμον</strong></span> <span class='ocrx_word' id='word_1_30' title='bbox 1632 507 1703 547; x_wconf 88' lang='lat' dir='ltr'><strong>de-</strong></span> 
     </span>
     <span class='ocr_line' id='line_1_6' title="bbox 174 571 1570 626; baseline 0.001 -14"><span class='ocrx_word' id='word_1_31' title='bbox 174 571 280 612; x_wconf 83' lang='lat' dir='ltr'><strong>disse</strong></span> <span class='ocrx_word' id='word_1_32' title='bbox 307 572 371 612; x_wconf 85' lang='lat' dir='ltr'><strong>vix</strong></span> <span class='ocrx_word' id='word_1_33' title='bbox 400 573 582 614; x_wconf 82' lang='lat' dir='ltr'><strong>credibile</strong></span> <span class='ocrx_word' id='word_1_34' title='bbox 613 578 684 621; x_wconf 84' lang='lat' dir='ltr'><strong>est,</strong></span> <span class='ocrx_word' id='word_1_35' title='bbox 712 573 837 614; x_wconf 91' lang='lat' dir='ltr'><strong>immo</strong></span> <span class='ocrx_word' id='word_1_36' title='bbox 866 585 889 613; x_wconf 89' lang='lat' dir='ltr'><strong>a</strong></span> <span class='ocrx_word' id='word_1_37' title='bbox 916 574 976 614; x_wconf 90' lang='lat' dir='ltr'><strong>rei</strong></span> <span class='ocrx_word' id='word_1_38' title='bbox 1006 580 1146 615; x_wconf 89' lang='lat' dir='ltr'><strong>natura</strong></span> <span class='ocrx_word' id='word_1_39' title='bbox 1176 587 1340 626; x_wconf 87' lang='lat' dir='ltr'><strong>prorsus</strong></span> <span class='ocrx_word' id='word_1_40' title='bbox 1370 573 1570 615; x_wconf 85' lang='lat' dir='ltr'><strong>abhorret.</strong></span> 
     </span>
    </p>

    <p class='ocr_par' dir='ltr' id='par_1_4' title="bbox 171 640 1701 764">
     <span class='ocr_line' id='line_1_7' title="bbox 287 640 1701 696; baseline 0.002 -16"><span class='ocrx_word' id='word_1_41' title='bbox 287 640 353 681; x_wconf 89' lang='lat' dir='ltr'><strong>Sic</strong></span> <span class='ocrx_word' id='word_1_42' title='bbox 382 648 568 694; x_wconf 88' lang='lat' dir='ltr'><strong>quattuor</strong></span> <span class='ocrx_word' id='word_1_43' title='bbox 594 642 673 683; x_wconf 81' lang='lat' dir='ltr'><strong>iam</strong></span> <span class='ocrx_word' id='word_1_44' title='bbox 693 641 913 682; x_wconf 75' lang='lat' dir='ltr'><strong>nomina—in</strong></span> <span class='ocrx_word' id='word_1_45' title='bbox 933 654 1055 683; x_wconf 92' lang='lat' dir='ltr'><strong>unam</strong></span> <span class='ocrx_word' id='word_1_46' title='bbox 1085 655 1293 695; x_wconf 78' lang='lat' dir='ltr'>personam</span> <span class='ocrx_word' id='word_1_47' title='bbox 1315 642 1437 683; x_wconf 85' lang='lat' dir='ltr'><strong>relata</strong></span> <span class='ocrx_word' id='word_1_48' title='bbox 1466 648 1560 683; x_wconf 90' lang='lat' dir='ltr'><strong>sunt</strong></span> <span class='ocrx_word' id='word_1_49' title='bbox 1590 656 1701 696; x_wconf 82' lang='lat' dir='ltr'><strong>cory-</strong></span> 
     </span>
     <span class='ocr_line' id='line_1_8' title="bbox 171 705 1572 764; baseline 0.003 -16"><span class='ocrx_word' id='word_1_50' title='bbox 171 707 303 760; x_wconf 89' lang='lat' dir='ltr'><strong>phaei,</strong></span> <span class='ocrx_word' id='word_1_51' title='bbox 335 709 443 750; x_wconf 91' lang='lat' dir='ltr'><strong>chori</strong></span> <span class='ocrx_word' id='word_1_52' title='bbox 475 710 585 750; x_wconf 90' lang='lat' dir='ltr'><strong>ducis</strong></span> <span class='ocrx_word' id='word_1_53' title='bbox 617 705 802 763; x_wconf 81' lang='grc' dir='ltr'><strong>(ἡγεμών</strong></span> <span class='ocrx_word' id='word_1_54' title='bbox 830 710 995 764; x_wconf 86' lang='grc' dir='ltr'><strong><em>χοροῦ),</em></strong></span> <span class='ocrx_word' id='word_1_55' title='bbox 1026 711 1283 759; x_wconf 82' lang='lat' dir='ltr'><strong>chorolectae,</strong></span> <span class='ocrx_word' id='word_1_56' title='bbox 1314 711 1572 752; x_wconf 86' lang='lat' dir='ltr'><strong>chorostatae.</strong></span> 
     </span>
    </p>

    <p class='ocr_par' dir='ltr' id='par_1_5' title="bbox 169 776 1701 1035">
     <span class='ocr_line' id='line_1_9' title="bbox 287 776 1699 831; baseline 0.002 -14"><span class='ocrx_word' id='word_1_57' title='bbox 287 777 338 817; x_wconf 85' lang='lat' dir='ltr'><strong>At</strong></span> <span class='ocrx_word' id='word_1_58' title='bbox 382 778 643 819; x_wconf 87' lang='lat' dir='ltr'><strong>chorolectam</strong></span> <span class='ocrx_word' id='word_1_59' title='bbox 688 789 771 817; x_wconf 89' lang='lat' dir='ltr'><strong>non</strong></span> <span class='ocrx_word' id='word_1_60' title='bbox 817 778 935 817; x_wconf 89' lang='lat' dir='ltr'><strong>modo</strong></span> <span class='ocrx_word' id='word_1_61' title='bbox 984 776 1221 831; x_wconf 75' lang='grc' dir='ltr'><strong>ἐνδόσιμον</strong></span> <span class='ocrx_word' id='word_1_62' title='bbox 1266 779 1421 819; x_wconf 85' lang='lat' dir='ltr'><strong>dedisse</strong></span> <span class='ocrx_word' id='word_1_63' title='bbox 1464 780 1531 819; x_wconf 89' lang='lat' dir='ltr'><strong>sed</strong></span> <span class='ocrx_word' id='word_1_64' title='bbox 1585 780 1699 820; x_wconf 84' lang='lat' dir='ltr'><strong>etiam</strong></span> 
     </span>
     <span class='ocr_line' id='line_1_10' title="bbox 176 844 1700 901; baseline 0.003 -17"><span class='ocrx_word' id='word_1_65' title='bbox 176 844 456 886; x_wconf 86' lang='lat' dir='ltr'><strong>choreutarum</strong></span> <span class='ocrx_word' id='word_1_66' title='bbox 488 846 647 887; x_wconf 84' lang='lat' dir='ltr'><strong>ordines</strong></span> <span class='ocrx_word' id='word_1_67' title='bbox 667 846 887 887; x_wconf 69' lang='lat' dir='ltr'><strong>instituisse</strong></span> <span class='ocrx_word' id='word_1_68' title='bbox 917 846 1129 899; x_wconf 82' lang='lat' dir='ltr'><strong>accipimus</strong></span> <span class='ocrx_word' id='word_1_69' title='bbox 1159 859 1179 887; x_wconf 91' lang='lat' dir='ltr'><strong>a</strong></span> <span class='ocrx_word' id='word_1_70' title='bbox 1201 847 1347 888; x_wconf 90' lang='lat' dir='ltr'><strong>Suida</strong></span> <span class='ocrx_word' id='word_1_71' title='bbox 1378 860 1413 886; x_wconf 90' lang='lat' dir='ltr'><strong>v.</strong></span> <span class='ocrx_word' id='word_1_72' title='bbox 1444 846 1700 901; x_wconf 83' lang='grc' dir='ltr'><strong><em>χορολέκ-</em></strong></span> 
     </span>
     <span class='ocr_line' id='line_1_11' title="bbox 174 909 1701 969; baseline 0.003 -16"><span class='ocrx_word' id='word_1_73' title='bbox 174 924 289 966; x_wconf 82' lang='grc' dir='ltr'><strong>της·</strong></span> <span class='ocrx_word' id='word_1_74' title='bbox 325 909 474 968; x_wconf 75' lang='grc' dir='ltr'><em>ὥσπερ</em></span> <span class='ocrx_word' id='word_1_75' title='bbox 511 911 636 968; x_wconf 85' lang='grc' dir='ltr'><strong>παρά</strong></span> <span class='ocrx_word' id='word_1_76' title='bbox 671 928 790 962; x_wconf 90' lang='grc' dir='ltr'><strong>τινος</strong></span> <span class='ocrx_word' id='word_1_77' title='bbox 828 912 1090 968; x_wconf 83' lang='grc' dir='ltr'><strong><em>χορολέκτου</em></strong></span> <span class='ocrx_word' id='word_1_78' title='bbox 1127 912 1323 967; x_wconf 75' lang='grc' dir='ltr'><strong><em>λαβεῖν</em></strong></span> <span class='ocrx_word' id='word_1_79' title='bbox 1360 913 1452 969; x_wconf 79' lang='grc' dir='ltr'><strong>τήν</strong></span> <span class='ocrx_word' id='word_1_80' title='bbox 1489 914 1701 964; x_wconf 82' lang='grc' dir='ltr'><em>στάσιν,</em></span> 
     </span>
     <span class='ocr_line' id='line_1_12' title="bbox 169 980 1701 1035; baseline 0.002 -13"><span class='ocrx_word' id='word_1_81' title='bbox 169 984 283 1023; x_wconf 67' lang='lat' dir='ltr'><strong>sictut·</strong></span> <span class='ocrx_word' id='word_1_82' title='bbox 308 982 355 1022; x_wconf 86' lang='lat' dir='ltr'><strong>ab</strong></span> <span class='ocrx_word' id='word_1_83' title='bbox 390 982 516 1035; x_wconf 83' lang='lat' dir='ltr'><strong>aliquo</strong></span> <span class='ocrx_word' id='word_1_84' title='bbox 554 983 763 1024; x_wconf 80' lang='lat' dir='ltr'><strong>chorolecta</strong></span> <span class='ocrx_word' id='word_1_85' title='bbox 797 985 995 1024; x_wconf 74' lang='lat' dir='ltr'><strong>stationem</strong></span> <span class='ocrx_word' id='word_1_86' title='bbox 1031 985 1210 1035; x_wconf 82' lang='lat' dir='ltr'><strong>accipere.</strong></span> <span class='ocrx_word' id='word_1_87' title='bbox 1256 996 1290 1022; x_wconf 89' lang='lat' dir='ltr'><strong>v.</strong></span> <span class='ocrx_word' id='word_1_88' title='bbox 1329 980 1510 1024; x_wconf 81' lang='grc' dir='ltr'><em>ἆσκωλ</em></span> <span class='ocrx_word' id='word_1_89' title='bbox 1524 981 1613 1031; x_wconf 81' lang='grc' dir='ltr'><strong>ιάζ</strong></span> <span class='ocrx_word' id='word_1_90' title='bbox 1619 998 1701 1025; x_wconf 87' lang='grc' dir='ltr'><strong>ειν</strong></span> 
     </span>
    </p>

    <p class='ocr_par' dir='ltr' id='par_1_6' title="bbox 166 1044 1700 1172">
     <span class='ocr_line' id='line_1_13' title="bbox 255 1044 1700 1107; baseline 0.003 -18"><span class='ocrx_word' id='word_1_91' title='bbox 255 1080 266 1089; x_wconf 88' lang='grc'><strong>.</strong></span> <span class='ocrx_word' id='word_1_92' title='bbox 296 1044 421 1096; x_wconf 83' lang='grc' dir='ltr'><em>τάξει</em></span> <span class='ocrx_word' id='word_1_93' title='bbox 453 1049 574 1099; x_wconf 75' lang='grc' dir='ltr'><em>στὰς,</em></span> <span class='ocrx_word' id='word_1_94' title='bbox 607 1045 754 1106; x_wconf 76' lang='grc' dir='ltr'><em>ὥσπερ</em></span> <span class='ocrx_word' id='word_1_95' title='bbox 790 1047 869 1092; x_wconf 84' lang='grc' dir='ltr'><strong>οὖν</strong></span> <span class='ocrx_word' id='word_1_96' title='bbox 909 1048 1032 1106; x_wconf 85' lang='grc' dir='ltr'><strong>παρά</strong></span> <span class='ocrx_word' id='word_1_97' title='bbox 1068 1065 1187 1099; x_wconf 89' lang='grc' dir='ltr'><strong>τινος</strong></span> <span class='ocrx_word' id='word_1_98' title='bbox 1226 1050 1403 1104; x_wconf 81' lang='grc' dir='ltr'><strong><em>λαβών</em></strong></span> <span class='ocrx_word' id='word_1_99' title='bbox 1440 1051 1700 1107; x_wconf 80' lang='grc' dir='ltr'><strong><em>χορολέκτου</em></strong></span> 
     </span>
     <span class='ocr_line' id='line_1_14' title="bbox 166 1112 1394 1172; baseline 0.001 -14"><span class='ocrx_word' id='word_1_100' title='bbox 166 1116 265 1172; x_wconf 75' lang='grc' dir='ltr'><strong>τὴν</strong></span> <span class='ocrx_word' id='word_1_101' title='bbox 295 1117 431 1159; x_wconf 86' lang='grc' dir='ltr'><em>στάσ</em></span> <span class='ocrx_word' id='word_1_102' title='bbox 444 1132 506 1158; x_wconf 86' lang='grc' dir='ltr'><strong>ιν.</strong></span> <span class='ocrx_word' id='word_1_103' title='bbox 1384 1112 1394 1118; x_wconf 56' lang='grc'><em>“</em></span> 
     </span>
    </p>

    <p class='ocr_par' dir='ltr' id='par_1_7' title="bbox 166 1184 1700 1568">
     <span class='ocr_line' id='line_1_15' title="bbox 281 1184 1699 1242; baseline 0.001 -15"><span class='ocrx_word' id='word_1_104' title='bbox 281 1187 448 1227; x_wconf 84' lang='lat' dir='ltr'><strong>Easdem</strong></span> <span class='ocrx_word' id='word_1_105' title='bbox 470 1187 574 1227; x_wconf 88' lang='lat' dir='ltr'><strong>vices</strong></span> <span class='ocrx_word' id='word_1_106' title='bbox 594 1184 835 1241; x_wconf 81' lang='grc' dir='ltr'><strong><em>χοροποιός</em></strong></span> <span class='ocrx_word' id='word_1_107' title='bbox 855 1188 1070 1240; x_wconf 85' lang='lat' dir='ltr'><strong>explevisse</strong></span> <span class='ocrx_word' id='word_1_108' title='bbox 1089 1187 1260 1228; x_wconf 80' lang='lat' dir='ltr'><strong>traditur</strong></span> <span class='ocrx_word' id='word_1_109' title='bbox 1281 1187 1493 1242; x_wconf 88' lang='lat' dir='ltr'><strong>Xenoph.</strong></span> <span class='ocrx_word' id='word_1_110' title='bbox 1516 1189 1699 1241; x_wconf 87' lang='lat' dir='ltr'><strong>Agesil.</strong></span> 
     </span>
     <span class='ocr_line' id='line_1_16' title="bbox 175 1251 1698 1311; baseline 0.003 -17"><span class='ocrx_word' id='word_1_111' title='bbox 175 1266 210 1294; x_wconf 90' lang='lat' dir='ltr'><strong>c.</strong></span> <span class='ocrx_word' id='word_1_112' title='bbox 255 1252 295 1294; x_wconf 82' lang='lat'><strong>2.</strong></span> <span class='ocrx_word' id='word_1_113' title='bbox 340 1257 365 1304; x_wconf 64' lang='grc' dir='ltr'><strong>ξ</strong></span> <span class='ocrx_word' id='word_1_114' title='bbox 399 1256 462 1294; x_wconf 87' lang='lat'><strong>17.</strong></span> <span class='ocrx_word' id='word_1_115' title='bbox 495 1286 504 1294; x_wconf 96' lang='lat'><strong>.</strong></span> <span class='ocrx_word' id='word_1_116' title='bbox 537 1285 546 1294; x_wconf 91' lang='lat'><strong>.</strong></span> <span class='ocrx_word' id='word_1_117' title='bbox 580 1286 588 1294; x_wconf 94' lang='lat'><strong>.</strong></span> <span class='ocrx_word' id='word_1_118' title='bbox 620 1251 754 1296; x_wconf 85' lang='grc' dir='ltr'><strong><em>ὅπου</em></strong></span> <span class='ocrx_word' id='word_1_119' title='bbox 799 1253 1004 1310; x_wconf 72' lang='grc' dir='ltr'><em>ἐτάχθη</em></span> <span class='ocrx_word' id='word_1_120' title='bbox 1050 1252 1151 1295; x_wconf 76' lang='grc' dir='ltr'><strong>ὑπὸ</strong></span> <span class='ocrx_word' id='word_1_121' title='bbox 1196 1256 1292 1296; x_wconf 85' lang='grc' dir='ltr'><strong>τοῦ</strong></span> <span class='ocrx_word' id='word_1_122' title='bbox 1334 1258 1576 1311; x_wconf 84' lang='grc' dir='ltr'><strong><em>χοροποιοῦ</em></strong></span> <span class='ocrx_word' id='word_1_123' title='bbox 1607 1288 1616 1297; x_wconf 96' lang='grc'><strong>.</strong></span> <span class='ocrx_word' id='word_1_124' title='bbox 1648 1290 1657 1298; x_wconf 93' lang='grc'><strong>.</strong></span> <span class='ocrx_word' id='word_1_125' title='bbox 1687 1287 1698 1297; x_wconf 91' lang='grc'><strong>.</strong></span> 
     </span>
     <span class='ocr_line' id='line_1_17' title="bbox 167 1321 1698 1380; baseline 0.002 -18"><span class='ocrx_word' id='word_1_126' title='bbox 167 1321 379 1362; x_wconf 81' lang='lat' dir='ltr'><strong>Aristid.</strong></span> <span class='ocrx_word' id='word_1_127' title='bbox 410 1323 538 1363; x_wconf 85' lang='lat' dir='ltr'>Orat.</span> <span class='ocrx_word' id='word_1_128' title='bbox 570 1323 700 1363; x_wconf 78' lang='lat' dir='ltr'><strong>XLVI.</strong></span> <span class='ocrx_word' id='word_1_129' title='bbox 746 1336 784 1376; x_wconf 86' lang='lat' dir='ltr'><strong>p.</strong></span> <span class='ocrx_word' id='word_1_130' title='bbox 832 1323 927 1364; x_wconf 88' lang='lat'>158.</span> <span class='ocrx_word' id='word_1_131' title='bbox 993 1325 1080 1363; x_wconf 79' lang='grc' dir='ltr'><strong>Καί</strong></span> <span class='ocrx_word' id='word_1_132' title='bbox 1123 1338 1202 1377; x_wconf 87' lang='grc' dir='ltr'><strong>μοι</strong></span> <span class='ocrx_word' id='word_1_133' title='bbox 1247 1321 1379 1365; x_wconf 73' lang='grc' dir='ltr'><em>πάντ’</em></span> <span class='ocrx_word' id='word_1_134' title='bbox 1426 1324 1571 1366; x_wconf 74' lang='grc' dir='ltr'><strong><em>ἐκεῖνα</em></strong></span> <span class='ocrx_word' id='word_1_135' title='bbox 1616 1323 1698 1380; x_wconf 83' lang='grc' dir='ltr'><strong>ἤδη</strong></span> 
     </span>
     <span class='ocr_line' id='line_1_18' title="bbox 169 1387 1700 1446; baseline 0.002 -16"><span class='ocrx_word' id='word_1_136' title='bbox 169 1387 287 1440; x_wconf 77' lang='grc' dir='ltr'><strong><em>λέγε,</em></strong></span> <span class='ocrx_word' id='word_1_137' title='bbox 316 1388 393 1431; x_wconf 81' lang='grc' dir='ltr'><strong>τὸν</strong></span> <span class='ocrx_word' id='word_1_138' title='bbox 414 1389 641 1444; x_wconf 78' lang='grc' dir='ltr'><em>ναυπηγὸν</em></span> <span class='ocrx_word' id='word_1_139' title='bbox 672 1388 728 1438; x_wconf 77' lang='grc' dir='ltr'><strong>ὥς</strong></span> <span class='ocrx_word' id='word_1_140' title='bbox 749 1391 812 1439; x_wconf 73' lang='grc' dir='ltr'><strong>εἷς</strong></span> <span class='ocrx_word' id='word_1_141' title='bbox 840 1389 966 1438; x_wconf 83' lang='grc' dir='ltr'><em>τάξιν</em></span> <span class='ocrx_word' id='word_1_142' title='bbox 986 1393 1142 1446; x_wconf 75' lang='grc' dir='ltr'><em>τίθησι</em></span> <span class='ocrx_word' id='word_1_143' title='bbox 1178 1390 1232 1432; x_wconf 82' lang='grc' dir='ltr'><strong>τὰ</strong></span> <span class='ocrx_word' id='word_1_144' title='bbox 1263 1387 1384 1440; x_wconf 80' lang='grc' dir='ltr'><strong><em>ξύλα,</em></strong></span> <span class='ocrx_word' id='word_1_145' title='bbox 1415 1391 1492 1434; x_wconf 87' lang='grc' dir='ltr'><strong>τὸν</strong></span> <span class='ocrx_word' id='word_1_146' title='bbox 1519 1395 1700 1434; x_wconf 83' lang='grc' dir='ltr'><strong>τέκτονα</strong></span> 
     </span>
     <span class='ocr_line' id='line_1_19' title="bbox 172 1455 1700 1514; baseline 0.003 -16"><span class='ocrx_word' id='word_1_147' title='bbox 172 1455 230 1506; x_wconf 76' lang='grc' dir='ltr'><strong>ὦς</strong></span> <span class='ocrx_word' id='word_1_148' title='bbox 287 1457 351 1506; x_wconf 83' lang='grc' dir='ltr'><strong>εἷς</strong></span> <span class='ocrx_word' id='word_1_149' title='bbox 397 1456 527 1506; x_wconf 79' lang='grc' dir='ltr'><em>τάξιν</em></span> <span class='ocrx_word' id='word_1_150' title='bbox 583 1458 684 1506; x_wconf 82' lang='grc' dir='ltr'><strong>τοὺς</strong></span> <span class='ocrx_word' id='word_1_151' title='bbox 737 1458 922 1509; x_wconf 76' lang='grc' dir='ltr'><strong><em>λίθους,</em></strong></span> <span class='ocrx_word' id='word_1_152' title='bbox 979 1460 1068 1500; x_wconf 90' lang='grc' dir='ltr'><strong>τὸν</strong></span> <span class='ocrx_word' id='word_1_153' title='bbox 1116 1474 1247 1514; x_wconf 86' lang='grc' dir='ltr'><strong><em>χορο</em></strong></span> <span class='ocrx_word' id='word_1_154' title='bbox 1261 1474 1328 1500; x_wconf 85' lang='grc' dir='ltr'><strong>πο</strong></span> <span class='ocrx_word' id='word_1_155' title='bbox 1343 1459 1454 1509; x_wconf 70' lang='lat' dir='ltr'><strong>adv,</strong></span> <span class='ocrx_word' id='word_1_156' title='bbox 1512 1462 1700 1514; x_wconf 77' lang='lat' dir='ltr'><strong>quomodo</strong></span> 
     </span>
     <span class='ocr_line' id='line_1_20' title="bbox 166 1526 549 1568; baseline -0.005 0"><span class='ocrx_word' id='word_1_157' title='bbox 166 1526 363 1568; x_wconf 70' lang='grc' dir='ltr'><strong>ώοτοιιεαε</strong></span> <span class='ocrx_word' id='word_1_158' title='bbox 392 1527 549 1568; x_wconf 79' lang='lat' dir='ltr'><strong>ordinet.</strong></span> 
     </span>
    </p>

    <p class='ocr_par' dir='ltr' id='par_1_8' title="bbox 167 1592 1695 1715">
     <span class='ocr_line' id='line_1_21' title="bbox 282 1592 1695 1649; baseline 0.004 -15"><span class='ocrx_word' id='word_1_159' title='bbox 282 1594 388 1634; x_wconf 90' lang='lat' dir='ltr'><strong>Non</strong></span> <span class='ocrx_word' id='word_1_160' title='bbox 419 1600 491 1635; x_wconf 87' lang='lat' dir='ltr'><strong>est</strong></span> <span class='ocrx_word' id='word_1_161' title='bbox 520 1595 695 1647; x_wconf 89' lang='lat' dir='ltr'><strong>igitur,</strong></span> <span class='ocrx_word' id='word_1_162' title='bbox 728 1609 815 1636; x_wconf 92' lang='lat' dir='ltr'><strong>cur</strong></span> <span class='ocrx_word' id='word_1_163' title='bbox 843 1592 1150 1649; x_wconf 87' lang='grc' dir='ltr'><strong><em>χοροποιόν</em></strong></span> <span class='ocrx_word' id='word_1_164' title='bbox 1180 1609 1200 1636; x_wconf 90' lang='lat' dir='ltr'><strong>a</strong></span> <span class='ocrx_word' id='word_1_165' title='bbox 1231 1596 1525 1638; x_wconf 85' lang='lat' dir='ltr'><strong>chorolecta</strong></span> <span class='ocrx_word' id='word_1_166' title='bbox 1556 1599 1695 1639; x_wconf 88' lang='lat' dir='ltr'><strong>aliis-</strong></span> 
     </span>
     <span class='ocr_line' id='line_1_22' title="bbox 167 1664 1416 1715; baseline 0.002 -13"><span class='ocrx_word' id='word_1_167' title='bbox 167 1675 263 1715; x_wconf 88' lang='lat' dir='ltr'><strong>que</strong></span> <span class='ocrx_word' id='word_1_168' title='bbox 293 1664 543 1715; x_wconf 85' lang='lat' dir='ltr'><strong>principis</strong></span> <span class='ocrx_word' id='word_1_169' title='bbox 575 1664 869 1704; x_wconf 89' lang='lat' dir='ltr'><strong>nominibus</strong></span> <span class='ocrx_word' id='word_1_170' title='bbox 899 1665 1116 1705; x_wconf 83' lang='lat' dir='ltr'><strong>differre</strong></span> <span class='ocrx_word' id='word_1_171' title='bbox 1147 1666 1416 1705; x_wconf 84' lang='lat' dir='ltr'><strong>credamus.</strong></span> 
     </span>
    </p>

    <p class='ocr_par' dir='ltr' id='par_1_9' title="bbox 163 1731 1696 2264">
     <span class='ocr_line' id='line_1_23' title="bbox 278 1731 1696 1786; baseline 0.003 -16"><span class='ocrx_word' id='word_1_172' title='bbox 278 1731 485 1771; x_wconf 85' lang='lat' dir='ltr'><strong>Postremo</strong></span> <span class='ocrx_word' id='word_1_173' title='bbox 517 1733 782 1784; x_wconf 86' lang='lat' dir='ltr'><strong>choragum</strong></span> <span class='ocrx_word' id='word_1_174' title='bbox 828 1746 986 1786; x_wconf 89' lang='lat' dir='ltr'><strong>quoque</strong></span> <span class='ocrx_word' id='word_1_175' title='bbox 1031 1734 1203 1785; x_wconf 85' lang='lat' dir='ltr'><strong>antiquis</strong></span> <span class='ocrx_word' id='word_1_176' title='bbox 1234 1733 1479 1785; x_wconf 87' lang='lat' dir='ltr'><strong>temporibus</strong></span> <span class='ocrx_word' id='word_1_177' title='bbox 1525 1735 1696 1775; x_wconf 87' lang='lat' dir='ltr'><strong>eundem</strong></span> 
     </span>
     <span class='ocr_line' id='line_1_24' title="bbox 165 1798 1696 1854; baseline 0.003 -16"><span class='ocrx_word' id='word_1_178' title='bbox 165 1798 302 1846; x_wconf 81' lang='lat' dir='ltr'><strong>fuisse,</strong></span> <span class='ocrx_word' id='word_1_179' title='bbox 345 1805 386 1839; x_wconf 88' lang='lat' dir='ltr'><strong>et</strong></span> <span class='ocrx_word' id='word_1_180' title='bbox 429 1813 471 1839; x_wconf 86' lang='lat' dir='ltr'><strong>re</strong></span> <span class='ocrx_word' id='word_1_181' title='bbox 501 1814 590 1840; x_wconf 87' lang='lat' dir='ltr'><strong>vera</strong></span> <span class='ocrx_word' id='word_1_182' title='bbox 621 1801 784 1841; x_wconf 90' lang='lat' dir='ltr'><strong>chorum</strong></span> <span class='ocrx_word' id='word_1_183' title='bbox 818 1802 976 1841; x_wconf 76' lang='lat' dir='ltr'><strong>duxisse</strong></span> <span class='ocrx_word' id='word_1_184' title='bbox 1021 1802 1211 1854; x_wconf 87' lang='lat' dir='ltr'><strong>chorique</strong></span> <span class='ocrx_word' id='word_1_185' title='bbox 1257 1802 1418 1841; x_wconf 87' lang='lat' dir='ltr'><strong>ordines</strong></span> <span class='ocrx_word' id='word_1_186' title='bbox 1461 1803 1696 1842; x_wconf 88' lang='lat' dir='ltr'><strong>instruxisse</strong></span> 
     </span>
     <span class='ocr_line' id='line_1_25' title="bbox 167 1868 1695 1923; baseline 0.002 -16"><span class='ocrx_word' id='word_1_187' title='bbox 167 1874 306 1908; x_wconf 89' lang='lat' dir='ltr'><strong>auctor</strong></span> <span class='ocrx_word' id='word_1_188' title='bbox 350 1869 463 1908; x_wconf 90' lang='lat' dir='ltr'><strong>nobis</strong></span> <span class='ocrx_word' id='word_1_189' title='bbox 508 1876 568 1909; x_wconf 87' lang='lat' dir='ltr'><strong>est</strong></span> <span class='ocrx_word' id='word_1_190' title='bbox 604 1869 899 1910; x_wconf 89' lang='lat' dir='ltr'><strong>Demetrius</strong></span> <span class='ocrx_word' id='word_1_191' title='bbox 931 1871 1032 1923; x_wconf 88' lang='lat' dir='ltr'><strong>apud</strong></span> <span class='ocrx_word' id='word_1_192' title='bbox 1064 1870 1235 1910; x_wconf 87' lang='lat' dir='ltr'><strong>Athen.</strong></span> <span class='ocrx_word' id='word_1_193' title='bbox 1267 1870 1364 1910; x_wconf 86' lang='lat' dir='ltr'><strong>XIV.</strong></span> <span class='ocrx_word' id='word_1_194' title='bbox 1396 1870 1491 1911; x_wconf 87' lang='lat'><strong>633.</strong></span> <span class='ocrx_word' id='word_1_195' title='bbox 1524 1872 1561 1911; x_wconf 84' lang='lat'><strong>6.</strong></span> <span class='ocrx_word' id='word_1_196' title='bbox 1592 1868 1695 1910; x_wconf 76' lang='grc' dir='ltr'><em>ἐκά-</em></span> 
     </span>
     <span class='ocr_line' id='line_1_26' title="bbox 165 1933 1696 1992; baseline 0.001 -16"><span class='ocrx_word' id='word_1_197' title='bbox 165 1934 273 1976; x_wconf 83' lang='grc' dir='ltr'><strong><em>λουν</em></strong></span> <span class='ocrx_word' id='word_1_198' title='bbox 316 1933 364 1975; x_wconf 79' lang='grc' dir='ltr'><strong>δὲ</strong></span> <span class='ocrx_word' id='word_1_199' title='bbox 408 1935 482 1975; x_wconf 84' lang='grc' dir='ltr'><strong>καὶ</strong></span> <span class='ocrx_word' id='word_1_200' title='bbox 526 1936 762 1990; x_wconf 76' lang='grc' dir='ltr'><strong><em>χορηγοὺς,</em></strong></span> <span class='ocrx_word' id='word_1_201' title='bbox 805 1935 883 1989; x_wconf 79' lang='grc' dir='ltr'><strong>οὐχ</strong></span> <span class='ocrx_word' id='word_1_202' title='bbox 929 1935 1086 1992; x_wconf 76' lang='grc' dir='ltr'><strong>ὥσπερ.</strong></span> <span class='ocrx_word' id='word_1_203' title='bbox 1117 1939 1193 1979; x_wconf 87' lang='grc' dir='ltr'><strong>νῦν</strong></span> <span class='ocrx_word' id='word_1_204' title='bbox 1235 1938 1337 1986; x_wconf 79' lang='grc' dir='ltr'><strong>τοὺς</strong></span> <span class='ocrx_word' id='word_1_205' title='bbox 1382 1940 1696 1992; x_wconf 73' lang='grc' dir='ltr'><strong>μισθωμένους</strong></span> 
     </span>
     <span class='ocr_line' id='line_1_27' title="bbox 167 2001 1695 2060; baseline 0.002 -16"><span class='ocrx_word' id='word_1_206' title='bbox 167 2002 271 2052; x_wconf 83' lang='grc' dir='ltr'><strong>τούς</strong></span> <span class='ocrx_word' id='word_1_207' title='bbox 304 2003 483 2057; x_wconf 81' lang='grc' dir='ltr'><strong><em>χοροὺς,</em></strong></span> <span class='ocrx_word' id='word_1_208' title='bbox 530 2001 642 2045; x_wconf 76' lang='grc' dir='ltr'><strong><em>ἄλλα</em></strong></span> <span class='ocrx_word' id='word_1_209' title='bbox 670 2004 770 2053; x_wconf 83' lang='grc' dir='ltr'><strong>τοὺς</strong></span> <span class='ocrx_word' id='word_1_210' title='bbox 800 2008 1158 2060; x_wconf 73' lang='grc' dir='ltr'><strong><em>καθηγουμένους</em></strong></span> <span class='ocrx_word' id='word_1_211' title='bbox 1187 2007 1265 2046; x_wconf 87' lang='grc' dir='ltr'><strong>τοῦ</strong></span> <span class='ocrx_word' id='word_1_212' title='bbox 1293 2008 1444 2060; x_wconf 85' lang='grc' dir='ltr'><strong><em>χοροῦ,</em></strong></span> <span class='ocrx_word' id='word_1_213' title='bbox 1485 2004 1695 2060; x_wconf 72' lang='grc' dir='ltr'><strong>καθάπερ</strong></span> 
     </span>
     <span class='ocr_line' id='line_1_28' title="bbox 165 2069 1694 2128; baseline 0.002 -16"><span class='ocrx_word' id='word_1_214' title='bbox 165 2069 272 2112; x_wconf 81' lang='grc' dir='ltr'><strong>αὐτὸ</strong></span> <span class='ocrx_word' id='word_1_215' title='bbox 322 2070 516 2126; x_wconf 84' lang='grc' dir='ltr'><strong><em>τοῦνομα</em></strong></span> <span class='ocrx_word' id='word_1_216' title='bbox 558 2075 777 2128; x_wconf 80' lang='grc' dir='ltr'><strong>σημαίνει.</strong></span> <span class='ocrx_word' id='word_1_217' title='bbox 844 2074 1092 2114; x_wconf 87' lang='lat' dir='ltr'><strong>Plutarch.</strong></span> <span class='ocrx_word' id='word_1_218' title='bbox 1135 2075 1485 2127; x_wconf 86' lang='lat' dir='ltr'><strong>Apophthegm.</strong></span> <span class='ocrx_word' id='word_1_219' title='bbox 1517 2076 1694 2115; x_wconf 86' lang='lat' dir='ltr'><strong>Lacon.</strong></span> 
     </span>
     <span class='ocr_line' id='line_1_29' title="bbox 166 2137 1695 2197; baseline 0.003 -17"><span class='ocrx_word' id='word_1_220' title='bbox 166 2139 263 2180; x_wconf 83' lang='lat'><strong>219.</strong></span> <span class='ocrx_word' id='word_1_221' title='bbox 303 2140 346 2180; x_wconf 90' lang='grc' dir='ltr'><strong>Ε.</strong></span> <span class='ocrx_word' id='word_1_222' title='bbox 407 2140 678 2194; x_wconf 82' lang='grc' dir='ltr'><strong><em>Δαμωνίδας</em></strong></span> <span class='ocrx_word' id='word_1_223' title='bbox 720 2141 905 2193; x_wconf 74' lang='grc' dir='ltr'><strong>ταχθεὶς</strong></span> <span class='ocrx_word' id='word_1_224' title='bbox 949 2140 1131 2192; x_wconf 85' lang='grc' dir='ltr'><strong>ἔσχατος</strong></span> <span class='ocrx_word' id='word_1_225' title='bbox 1173 2144 1250 2182; x_wconf 84' lang='grc' dir='ltr'><strong>τοῦ</strong></span> <span class='ocrx_word' id='word_1_226' title='bbox 1279 2144 1411 2197; x_wconf 84' lang='grc' dir='ltr'><strong><em>χοροῦ</em></strong></span> <span class='ocrx_word' id='word_1_227' title='bbox 1457 2137 1562 2184; x_wconf 75' lang='grc' dir='ltr'><strong>ὑπὸ</strong></span> <span class='ocrx_word' id='word_1_228' title='bbox 1602 2144 1695 2185; x_wconf 83' lang='grc' dir='ltr'><strong>τοῦ</strong></span> 
     </span>
     <span class='ocr_line' id='line_1_30' title="bbox 163 2201 1692 2264; baseline 0.003 -16"><span class='ocrx_word' id='word_1_229' title='bbox 163 2206 257 2249; x_wconf 82' lang='grc' dir='ltr'><strong>τὸν</strong></span> <span class='ocrx_word' id='word_1_230' title='bbox 294 2207 451 2261; x_wconf 83' lang='grc' dir='ltr'><strong><em>χορὸν</em></strong></span> <span class='ocrx_word' id='word_1_231' title='bbox 482 2206 756 2257; x_wconf 74' lang='grc' dir='ltr'><strong>ἱστῶντος.</strong></span> <span class='ocrx_word' id='word_1_232' title='bbox 820 2205 953 2262; x_wconf 78' lang='grc' dir='ltr'><em>Εὖγε,</em></span> <span class='ocrx_word' id='word_1_233' title='bbox 984 2210 1155 2258; x_wconf 76' lang='grc' dir='ltr'><em>εἶπεν,</em></span> <span class='ocrx_word' id='word_1_234' title='bbox 1187 2201 1227 2250; x_wconf 74' lang='grc' dir='ltr'><strong>οῗ</strong></span> <span class='ocrx_word' id='word_1_235' title='bbox 1255 2212 1455 2264; x_wconf 78' lang='grc' dir='ltr'><strong><em>χοραγέ</em></strong></span> <span class='ocrx_word' id='word_1_236' title='bbox 1483 2226 1520 2251; x_wconf 83' lang='grc' dir='ltr'><strong>κ.</strong></span> <span class='ocrx_word' id='word_1_237' title='bbox 1551 2227 1587 2251; x_wconf 86' lang='grc' dir='ltr'><strong>τ.</strong></span> <span class='ocrx_word' id='word_1_238' title='bbox 1618 2211 1692 2261; x_wconf 68' lang='grc' dir='ltr'><strong>λ.1)</strong></span> 
     </span>
    </p>

    <p class='ocr_par' dir='ltr' id='par_1_10' title="bbox 164 2277 1694 2533">
     <span class='ocr_line' id='line_1_31' title="bbox 279 2277 1693 2330; baseline 0.003 -14"><span class='ocrx_word' id='word_1_239' title='bbox 279 2277 362 2316; x_wconf 88' lang='lat' dir='ltr'><strong>Tali</strong></span> <span class='ocrx_word' id='word_1_240' title='bbox 394 2278 512 2316; x_wconf 89' lang='lat' dir='ltr'><strong>modo</strong></span> <span class='ocrx_word' id='word_1_241' title='bbox 544 2278 674 2317; x_wconf 89' lang='lat' dir='ltr'><strong>omnia</strong></span> <span class='ocrx_word' id='word_1_242' title='bbox 704 2278 767 2318; x_wconf 91' lang='lat' dir='ltr'><strong>illa</strong></span> <span class='ocrx_word' id='word_1_243' title='bbox 798 2278 957 2318; x_wconf 90' lang='lat' dir='ltr'><strong>nomina</strong></span> <span class='ocrx_word' id='word_1_244' title='bbox 999 2279 1116 2318; x_wconf 91' lang='lat' dir='ltr'><strong>unius</strong></span> <span class='ocrx_word' id='word_1_245' title='bbox 1161 2292 1353 2330; x_wconf 82' lang='lat' dir='ltr'><strong>personae</strong></span> <span class='ocrx_word' id='word_1_246' title='bbox 1390 2280 1494 2319; x_wconf 82' lang='lat' dir='ltr'><strong>varia</strong></span> <span class='ocrx_word' id='word_1_247' title='bbox 1529 2293 1693 2321; x_wconf 89' lang='lat' dir='ltr'><strong>munera</strong></span> 
     </span>
     <span class='ocr_line' id='line_1_32' title="bbox 166 2345 1693 2401; baseline 0.003 -18"><span class='ocrx_word' id='word_1_248' title='bbox 166 2345 370 2396; x_wconf 85' lang='lat' dir='ltr'><strong>designare</strong></span> <span class='ocrx_word' id='word_1_249' title='bbox 392 2351 564 2397; x_wconf 87' lang='lat' dir='ltr'><strong>apparet.</strong></span> <span class='ocrx_word' id='word_1_250' title='bbox 607 2346 742 2385; x_wconf 92' lang='lat' dir='ltr'><strong>Unus</strong></span> <span class='ocrx_word' id='word_1_251' title='bbox 771 2352 877 2386; x_wconf 88' lang='lat' dir='ltr'><strong>erat</strong></span> <span class='ocrx_word' id='word_1_252' title='bbox 907 2346 1072 2386; x_wconf 89' lang='lat' dir='ltr'><strong>totius</strong></span> <span class='ocrx_word' id='word_1_253' title='bbox 1102 2347 1241 2386; x_wconf 88' lang='lat' dir='ltr'><strong>chori</strong></span> <span class='ocrx_word' id='word_1_254' title='bbox 1265 2348 1503 2400; x_wconf 88' lang='lat' dir='ltr'><strong>princeps</strong></span> <span class='ocrx_word' id='word_1_255' title='bbox 1536 2349 1693 2401; x_wconf 84' lang='lat' dir='ltr'><strong>(cory-</strong></span> 
     </span>
     <span class='ocr_line' id='line_1_33' title="bbox 164 2413 1694 2465; baseline 0.002 -13"><span class='ocrx_word' id='word_1_256' title='bbox 164 2413 371 2464; x_wconf 88' lang='lat' dir='ltr'><strong>phaeus)</strong></span> <span class='ocrx_word' id='word_1_257' title='bbox 417 2414 496 2465; x_wconf 91' lang='lat' dir='ltr'><strong>qui</strong></span> <span class='ocrx_word' id='word_1_258' title='bbox 534 2414 800 2453; x_wconf 86' lang='lat' dir='ltr'><strong>ordinibus</strong></span> <span class='ocrx_word' id='word_1_259' title='bbox 845 2414 1119 2461; x_wconf 83' lang='lat' dir='ltr'><strong>institutis,</strong></span> <span class='ocrx_word' id='word_1_260' title='bbox 1164 2416 1435 2455; x_wconf 86' lang='lat' dir='ltr'><strong>choreutas</strong></span> <span class='ocrx_word' id='word_1_261' title='bbox 1479 2416 1694 2456; x_wconf 90' lang='lat' dir='ltr'><strong>ducebat</strong></span> 
     </span>
     <span class='ocr_line' id='line_1_34' title="bbox 165 2482 687 2533; baseline 0 -13"><span class='ocrx_word' id='word_1_262' title='bbox 165 2486 420 2532; x_wconf 83' lang='lat' dir='ltr'><strong>cantuque</strong></span> <span class='ocrx_word' id='word_1_263' title='bbox 450 2482 687 2533; x_wconf 85' lang='lat' dir='ltr'><strong>praeibat.</strong></span> 
     </span>
    </p>
   </div>
   <div class='ocr_carea' id='block_1_4' title="bbox 163 2573 447 2578">
    <p class='ocr_par' dir='ltr' id='par_1_11' title="bbox 163 2573 447 2578">
     <span class='ocr_line' id='line_1_35' title="bbox 163 2573 447 2578; baseline 0 0"><span class='ocrx_word' id='word_1_264' title='bbox 163 2573 447 2578; x_wconf 95' lang='lat' dir='ltr'><strong> </strong></span> 
     </span>
    </p>
   </div>
   <div class='ocr_carea' id='block_1_5' title="bbox 163 2617 1691 2948">
    <p class='ocr_par' dir='ltr' id='par_1_12' title="bbox 163 2617 1691 2886">
     <span class='ocr_line' id='line_1_36' title="bbox 163 2617 1691 2662; baseline 0.001 -11"><span class='ocrx_word' id='word_1_265' title='bbox 163 2622 235 2651; x_wconf 81' lang='lat' dir='ltr'><strong>tum</strong></span> <span class='ocrx_word' id='word_1_266' title='bbox 258 2623 321 2652; x_wconf 77' lang='lat' dir='ltr'><strong>cst.</strong></span> <span class='ocrx_word' id='word_1_267' title='bbox 363 2617 412 2651; x_wconf 78' lang='lat' dir='ltr'><strong>Cf.</strong></span> <span class='ocrx_word' id='word_1_268' title='bbox 440 2618 526 2651; x_wconf 87' lang='lat' dir='ltr'><strong>Poll.</strong></span> <span class='ocrx_word' id='word_1_269' title='bbox 552 2630 605 2651; x_wconf 91' lang='lat' dir='ltr'><strong>on.</strong></span> <span class='ocrx_word' id='word_1_270' title='bbox 632 2617 701 2652; x_wconf 88' lang='lat' dir='ltr'><strong>VlI.</strong></span> <span class='ocrx_word' id='word_1_271' title='bbox 728 2619 783 2659; x_wconf 82' lang='lat'><strong>87,</strong></span> <span class='ocrx_word' id='word_1_272' title='bbox 809 2619 884 2651; x_wconf 80' lang='lat' dir='ltr'><strong>dein</strong></span> <span class='ocrx_word' id='word_1_273' title='bbox 903 2620 1138 2652; x_wconf 75' lang='lat' dir='ltr'><strong>artificiosiori</strong></span> <span class='ocrx_word' id='word_1_274' title='bbox 1162 2621 1302 2662; x_wconf 72' lang='lat' dir='ltr'><strong>quodam</strong></span> <span class='ocrx_word' id='word_1_275' title='bbox 1326 2620 1552 2653; x_wconf 83' lang='lat' dir='ltr'><strong>instrumento</strong></span> <span class='ocrx_word' id='word_1_276' title='bbox 1577 2620 1691 2653; x_wconf 82' lang='lat' dir='ltr'><strong>ferreo</strong></span> 
     </span>
     <span class='ocr_line' id='line_1_37' title="bbox 163 2669 1690 2721; baseline 0.001 -14"><span class='ocrx_word' id='word_1_277' title='bbox 163 2669 354 2718; x_wconf 79' lang='grc' dir='ltr'><strong>(ὑπόδημα</strong></span> <span class='ocrx_word' id='word_1_278' title='bbox 392 2675 588 2721; x_wconf 75' lang='grc' dir='ltr'><strong>σιδηροῦν).</strong></span> <span class='ocrx_word' id='word_1_279' title='bbox 636 2675 775 2708; x_wconf 86' lang='lat' dir='ltr'><strong>Lucian.</strong></span> <span class='ocrx_word' id='word_1_280' title='bbox 815 2676 855 2707; x_wconf 83' lang='lat' dir='ltr'><strong>de</strong></span> <span class='ocrx_word' id='word_1_281' title='bbox 891 2676 1006 2709; x_wconf 73' lang='lat' dir='ltr'><strong>saltat.</strong></span> <span class='ocrx_word' id='word_1_282' title='bbox 1042 2687 1070 2708; x_wconf 90' lang='lat' dir='ltr'><strong>c.</strong></span> <span class='ocrx_word' id='word_1_283' title='bbox 1109 2676 1162 2708; x_wconf 84' lang='lat'><strong>83.</strong></span> <span class='ocrx_word' id='word_1_284' title='bbox 1189 2676 1307 2708; x_wconf 82' lang='lat' dir='ltr'><strong>Liban.</strong></span> <span class='ocrx_word' id='word_1_285' title='bbox 1345 2676 1421 2709; x_wconf 76' lang='lat' dir='ltr'><strong>adv.</strong></span> <span class='ocrx_word' id='word_1_286' title='bbox 1445 2677 1590 2709; x_wconf 81' lang='lat' dir='ltr'><strong>Aristid.</strong></span> <span class='ocrx_word' id='word_1_287' title='bbox 1630 2688 1690 2720; x_wconf 87' lang='lat' dir='ltr'><strong>pro</strong></span> 
     </span>
     <span class='ocr_line' id='line_1_38' title="bbox 165 2730 1690 2775; baseline 0.002 -12"><span class='ocrx_word' id='word_1_288' title='bbox 165 2730 396 2764; x_wconf 74' lang='lat' dir='ltr'><strong>saltatoribus.</strong></span> <span class='ocrx_word' id='word_1_289' title='bbox 445 2730 538 2763; x_wconf 69' lang='lat' dir='ltr'><strong>Tom.</strong></span> <span class='ocrx_word' id='word_1_290' title='bbox 566 2730 618 2764; x_wconf 84' lang='grc' dir='ltr'><strong>ΙΙΙ.</strong></span> <span class='ocrx_word' id='word_1_291' title='bbox 645 2743 674 2774; x_wconf 89' lang='lat' dir='ltr'><strong>p.</strong></span> <span class='ocrx_word' id='word_1_292' title='bbox 701 2732 778 2764; x_wconf 88' lang='lat'><strong>385.</strong></span> <span class='ocrx_word' id='word_1_293' title='bbox 807 2731 858 2765; x_wconf 83' lang='lat'><strong>16.</strong></span> <span class='ocrx_word' id='word_1_294' title='bbox 884 2733 935 2765; x_wconf 87' lang='lat' dir='ltr'><strong>ed.</strong></span> <span class='ocrx_word' id='word_1_295' title='bbox 960 2732 1074 2765; x_wconf 82' lang='lat' dir='ltr'><strong>Reisk.</strong></span> <span class='ocrx_word' id='word_1_296' title='bbox 1123 2732 1173 2765; x_wconf 91' lang='lat' dir='ltr'><strong>Cf.</strong></span> <span class='ocrx_word' id='word_1_297' title='bbox 1200 2733 1387 2774; x_wconf 82' lang='lat' dir='ltr'><strong>Boettiger.</strong></span> <span class='ocrx_word' id='word_1_298' title='bbox 1436 2733 1522 2775; x_wconf 81' lang='lat' dir='ltr'><strong>Quid</strong></span> <span class='ocrx_word' id='word_1_299' title='bbox 1560 2734 1604 2766; x_wconf 85' lang='lat' dir='ltr'><strong>sit</strong></span> <span class='ocrx_word' id='word_1_300' title='bbox 1629 2735 1690 2765; x_wconf 84' lang='lat' dir='ltr'><strong>do·</strong></span> 
     </span>
     <span class='ocr_line' id='line_1_39' title="bbox 165 2785 1690 2832; baseline 0.002 -13"><span class='ocrx_word' id='word_1_301' title='bbox 165 2796 242 2819; x_wconf 81' lang='lat' dir='ltr'><strong>cere</strong></span> <span class='ocrx_word' id='word_1_302' title='bbox 272 2785 428 2820; x_wconf 60' lang='lat' dir='ltr'><strong>‘fabulam</strong></span> <span class='ocrx_word' id='word_1_303' title='bbox 467 2799 499 2830; x_wconf 89' lang='lat' dir='ltr'><strong>p.</strong></span> <span class='ocrx_word' id='word_1_304' title='bbox 541 2788 573 2820; x_wconf 84' lang='lat'><strong>7.</strong></span> <span class='ocrx_word' id='word_1_305' title='bbox 613 2788 717 2820; x_wconf 83' lang='lat' dir='ltr'><strong>Tota</strong></span> <span class='ocrx_word' id='word_1_306' title='bbox 756 2789 856 2820; x_wconf 83' lang='lat' dir='ltr'><strong>haec</strong></span> <span class='ocrx_word' id='word_1_307' title='bbox 902 2799 971 2821; x_wconf 85' lang='lat' dir='ltr'><strong>res</strong></span> <span class='ocrx_word' id='word_1_308' title='bbox 1010 2791 1057 2822; x_wconf 80' lang='lat' dir='ltr'><strong>ad</strong></span> <span class='ocrx_word' id='word_1_309' title='bbox 1104 2790 1382 2832; x_wconf 87' lang='lat' dir='ltr'><strong>pantomimos</strong></span> <span class='ocrx_word' id='word_1_310' title='bbox 1419 2790 1690 2832; x_wconf 83' lang='lat' dir='ltr'><strong>potissimum</strong></span> 
     </span>
     <span class='ocr_line' id='line_1_40' title="bbox 165 2844 364 2886; baseline 0.005 -11"><span class='ocrx_word' id='word_1_311' title='bbox 165 2844 364 2886; x_wconf 80' lang='lat' dir='ltr'><strong>pertinet.</strong></span> 
     </span>
    </p>

    <p class='ocr_par' dir='ltr' id='par_1_13' title="bbox 257 2897 1371 2948">
     <span class='ocr_line' id='line_1_41' title="bbox 257 2897 1371 2948; baseline 0.002 -16"><span class='ocrx_word' id='word_1_312' title='bbox 257 2903 285 2942; x_wconf 84' lang='lat'><strong>¹)</strong></span> <span class='ocrx_word' id='word_1_313' title='bbox 311 2901 483 2944; x_wconf 82' lang='lat' dir='ltr'><strong>Hesycb.</strong></span> <span class='ocrx_word' id='word_1_314' title='bbox 504 2897 683 2946; x_wconf 81' lang='grc' dir='ltr'><strong><em>χορηγός·</em></strong></span> <span class='ocrx_word' id='word_1_315' title='bbox 710 2899 949 2938; x_wconf 72' lang='grc' dir='ltr'><strong>διδάσκαλος·</strong></span> <span class='ocrx_word' id='word_1_316' title='bbox 975 2903 1038 2935; x_wconf 72' lang='grc' dir='ltr'><strong>τοῦ</strong></span> <span class='ocrx_word' id='word_1_317' title='bbox 1059 2903 1178 2948; x_wconf 84' lang='grc' dir='ltr'><strong><em>χοροῦ</em></strong></span> <span class='ocrx_word' id='word_1_318' title='bbox 1202 2900 1371 2947; x_wconf 72' lang='grc' dir='ltr'><strong>ἐξάρχων.</strong></span> 
     </span>
    </p>
   </div>
  </div>
 </body>
</html>
