2014 3204
88 0 265 42 ῊᾞἚ
278 0 310 27 :-
332 8 339 11 -
373 0 380 4 ·
405 0 408 3 ·

793 245 848 256 »—
909 225 1106 266 229—

180 341 298 384 omis
317 342 521 396 *spatiandi
550 341 860 395 quiescendique
888 341 1037 382 vicibus
1066 341 1283 382 observatis
1313 341 1490 394 quotidie
1520 354 1564 381 se
1594 353 1707 381 exer-

179 411 359 452 citarent.
417 411 541 463 quue
567 415 647 450 tam
680 410 860 462 religiose
889 410 1136 463 factitabant,
1182 416 1226 450 ut
1270 414 1360 462 post
1404 422 1567 450 coenam
1599 422 1707 450 nun-

169 488 296 533 ‘quam
327 479 635 526 declamitarent‚
664 479 734 518 sed
765 488 882 517 mane
911 477 1034 517 ieiuni
1062 490 1200 517 vocem
1231 477 1422 518 cubantes
1462 477 1612 518 sensim
1657 477 1705 517 ab

178 547 270 588 imis
301 547 410 588 sonis
441 547 488 587 ad
519 558 697 586 summos
719 546 945 592 excitarent,
976 545 1224 598 eandemque
1256 558 1345 585 cum
1369 551 1529 597 egerant
1558 545 1706 586 seden-

175 621 239 656 tes
274 627 296 655 a
334 615 591 656 contentione
628 615 863 663 conderent,
906 614 953 653 ab
991 614 1219 654 acutissimo
1249 627 1348 654 sono
1378 627 1507 666 usque
1537 615 1586 654 ad
1615 626 1704 667 gra-

178 684 384 727 vissimum
434 696 522 724 eam
570 683 807 736 recipientes
867 688 906 722 et
954 683 1067 735 quasi
1117 683 1410 736 quodammodo
1460 682 1702 734 colligentes.

177 753 409 803 (Aristot.
431 751 628 792 Problem.
658 751 724 790 XI.
755 751 821 791 22.
874 748 964 791 Διὰ
994 746 1038 791 τί
1057 757 1152 798 τοῖς
1180 747 1291 804 μετὰ
1310 746 1366 790 τοὶ
1397 751 1520 790 σιτία
1549 763 1704 805 κεκρα-

175 818 306 872 γόσιν
334 818 360 875 ἦ
392 818 515 875 φωνή
556 817 901 873 διαφθείρεταις
947 819 1020 859 καὶ
1066 816 1238 867 πάντας
1275 815 1330 858 ἂν
1368 817 1546 872 ἴδοιμεν
1582 817 1705 867 τοὺς

174 890 615 944 φωνασκοῦντας,
631 885 729 928 οἷον
748 884 994 942 ὑποκριτάς
1014 887 1088 927 κὰι
1107 886 1315 941 χορευτὰς
1331 885 1405 926 καὶ
1427 885 1526 935 τοὺς
1547 885 1706 936 ἄλλους

173 956 401 1005 τοιούτους
425 957 597 998 ἕωθέν
626 971 679 997 τε
710 955 794 996 καὶ
821 954 1035 1010 νήστεις
1065 955 1155 1003 τὰς
1185 954 1412 1009 μελέτας
1442 955 1703 1010 ποιζουμέ-

172 1039 306 1074 νους.
366 1026 526 1074 Quint.
558 1027 652 1066 inst.
683 1030 782 1066 orat.
813 1024 876 1064 IX.
909 1024 947 1064 3.
983 1023 1161 1064 19-22,
1221 1024 1312 1063 Cic.
1346 1025 1394 1064 de
1425 1030 1523 1064 orat.
1555 1025 1583 1065 Ι.
1615 1024 1701 1074 59.)

285 1094 424 1148 Neque
453 1107 547 1135 vero
579 1094 707 1134 solum
738 1093 1042 1134 conformationi
1074 1093 1178 1132 vocis
1208 1104 1370 1145 operam
1401 1093 1558 1141 dabant,
1590 1099 1634 1133 ut
1664 1098 1703 1133 et

171 1163 252 1203 vim
282 1163 444 1203 haberet
473 1174 668 1202 summam
701 1167 820 1214 atque
840 1162 1140 1214 amplitudinem
1173 1166 1213 1201 et
1233 1161 1444 1202 maximam
1473 1161 1703 1202 varietatem

173 1244 219 1273 ac
245 1231 611 1278 commutationem,
642 1231 711 1271 sed
743 1230 861 1271 etiam
892 1231 934 1270 in
965 1230 1262 1283 pronuntiando
1293 1229 1435 1269 eximia
1467 1235 1579 1269 erant
1608 1242 1703 1270 cau-

172 1300 286 1341 tione
313 1312 358 1340 ac
387 1299 600 1352 diligentia.
661 1299 711 1338 ln'
737 1311 814 1351 qua
845 1311 963 1351 quam
994 1298 1193 1338 dissimilis
1224 1298 1276 1338 sit
1315 1304 1450 1338 nostra
1479 1303 1583 1338 aetas
1612 1297 1703 1344 illis,

172 1369 241 1423 qui
268 1368 312 1408 in
333 1368 571 1408 Graecorum
595 1367 758 1407 theatris
779 1371 1021 1419 spectatores
1044 1373 1166 1414 erant,
1199 1367 1448 1407 notissimum
1470 1367 1566 1407 illud
1588 1367 1705 1406 docet

147 1436 384 1489 ,Hegelochi
414 1435 653 1489 exemplum.
712 1435 809 1475 Nam
850 1447 922 1476 nos
965 1435 1126 1487 quidem
1172 1448 1262 1475 cum
1303 1436 1399 1476 haut
1438 1436 1492 1476 ita
1536 1435 1703 1475 moleste

170 1506 358 1552 feramus,
391 1505 424 1544 si
444 1504 508 1544 alii
527 1503 909 1550 Vindobonensium‚
930 1503 994 1542 alii
1015 1503 1344 1551 Berolinmsium,
1376 1503 1438 1544 alii
1468 1503 1541 1543 alia
1569 1503 1702 1555 lingua

171 1573 419 1616 audientium
451 1585 567 1613 aures
588 1571 827 1623 obtundunt,
860 1584 980 1612 nemo
999 1572 1083 1611 fere
1106 1583 1210 1611 unus
1228 1578 1337 1612 reete
1358 1578 1397 1612 et
1415 1572 1639 1624 germanice
1659 1572 1700 1612 in

175 1655 318 1685 scaena
348 1642 537 1695 loquitur,
568 1641 813 1693 Hegelochus
844 1641 908 1680 ille
929 1640 1101 1692 tragicus
1133 1640 1285 1688 histrio,
1317 1653 1407 1681 cum
1437 1641 1480 1681 in
1501 1641 1700 1694 Euripidis

173 1711 314 1752 Oreste
344 1711 420 1751 hoc
440 1710 714 1757 commisisset,
746 1714 791 1749 ut
819 1709 996 1761 neglecto
1026 1709 1224 1764 levissimo
1255 1709 1394 1761 spiritu
1424 1722 1497 1762 pro

240 1778 288 1820 ἐκ
316 1775 521 1833 κυμάτων
549 1776 632 1832 γὰρ
665 1773 803 1825 αὖθις
832 1773 888 1818 αὖ
918 1775 1095 1830 γαλήν’
1126 1774 1214 1830 ὁρῶ
1246 1777 1376 1825 (video
1405 1778 1623 1827 malaciam)

159 1834 447 1902 'pronuntiaret
555 1845 558 1847 ’

239 1914 287 1956 ἐκ
316 1912 520 1967 κυμάτων
548 1913 632 1968 γὰρ
664 1909 801 1960 αὖθις
832 1905 890 1953 αὖ
914 1911 1054 1967 ’γαλῆ
1064 1926 1087 1953 ν
1118 1909 1207 1965 ὁρῶ
1239 1912 1367 1962 (video
1399 1913 1625 1963 mustelam)

168 1995 252 2024 non
282 1984 401 2024 modo
431 1983 636 2035 politiores
666 1982 853 2022 homines
883 1981 1024 2022 leniter
1053 1982 1330 2029 subriserunt‚
1371 1982 1439 2021 sed
1471 1986 1600 2021 totum
1633 1995 1701 2022 ex-

168 2052 349 2093 clamavit
379 2052 577 2092 theatrum
607 2050 826 2103 comicique
855 2054 994 2102 poetae
1036 2062 1117 2089 non
1157 2050 1395 2090 destiterunt
1432 2062 1523 2090 eum
1554 2050 1700 2091 salibus

166 2121 376 2174 perfricare
388 2119 434 2169 ¹).

277 2188 353 2229 Par
372 2188 490 2229 etiam
512 2199 774 2228 numerorum
794 2187 924 2228 habita
946 2190 1006 2227 est
1026 2187 1139 2235 ratio,
1171 2187 1224 2226 ita
1255 2191 1300 2226 ut
1318 2186 1360 2227 in
1390 2187 1451 2226 his
1473 2186 1504 2227 si
1525 2187 1699 2239 paullum

261 2375 285 2416 1)
310 2374 410 2408 Schol
434 2374 626 2417 Euripid.
656 2373 794 2406 Orest.
819 2382 847 2405 c.
872 2371 948 2404 269.
977 2371 1023 2405 ἐκ
1049 2367 1259 2416 κυμάτων
1283 2369 1353 2418 γὰρ
1383 2367 1512 2408 αὖθις
1540 2367 1590 2404 αὖ
1622 2383 1700 2416 γει-

165 2427 253 2475 λήν’
280 2429 386 2478 ὁρῶ·
423 2428 679 2476 κεκωμῴδηται
714 2427 733 2462 ὁ
766 2431 892 2472 στίχος
927 2426 985 2461 διὰ
1010 2425 1206 2473 ιΗγιέλοχον
1241 2426 1304 2462 τὸν
1328 2425 1540 2473 ὑποκριτήν·
1566 2425 1607 2461 οὗ
1630 2426 1701 2475 γὰρ

166 2481 362 2533 φθάσαντα
402 2488 532 2522 διελεῖν
571 2484 637 2529 τὴν
677 2482 919 2531 συναλοιᾳήν,
963 2486 1222 2529 ἔπιλείψαντος
1265 2486 1329 2518 τοῦ
1371 2480 1597 2527 πνεύματος,
1622 2488 1701 2522 τοῖς

167 2541 410 2589 ἀκροωμένοις
451 2543 518 2587 τὴν
554 2543 670 2588 γαλῆν
710 2541 813 2581 δόξαι
853 2544 968 2588 λέγειν
1002 2542 1044 2576 τὸ
1081 2543 1187 2585 ζῶον,
1223 2538 1300 2575 ἀλλ’
1343 2539 1423 2586 οἰχὶ
1464 2538 1507 2574 τὰ
1543 2540 1700 2585 γαληνά·

166 2601 295 2635 πολλοὶ
317 2601 385 2647 μὲν
409 2597 475 2636 οὖν
498 2601 690 2639 διέπαιξιιν
713 2601 783 2632 τῶι·
805 2600 983 2645 κωμικῶν,
1006 2595 1262 2647 Ἀριστοφάνης
1284 2600 1345 2631 καὶ
1367 2594 1540 2644 Στράττις
1561 2598 1600 2632 ἐν
1626 2596 1698 2634 Ἀν-

166 2658 453 2705 θρωποῤῥαίστῃ
488 2660 550 2691 καὶ
583 2658 799 2703 Σαννυρίων
833 2658 871 2692 ἐν
895 2656 1036 2705 Δανάῃ.
1098 2656 1147 2690 Cf.
1174 2657 1306 2689 Schol.
1344 2657 1385 2688 ad
1410 2656 1519 2689 Arist.
1557 2656 1639 2689 Rau.
1665 2667 1698 2689 v.

167 2713 243 2746 305.
270 2713 479 2756 Meineke,
519 2713 636 2756 fragm.
665 2715 780 2747 comic.
809 2724 919 2756 graec.
945 2713 982 2747 11.
1007 2725 1037 2757 p.
1063 2713 1140 2747 763.
1167 2714 1243 2746 574.
1269 2724 1299 2756 p.
1328 2713 1403 2745 787.
1429 2713 1470 2746 V.
1497 2712 1630 2747 CXVlI.
1655 2723 1699 2746 ex

167 2770 298 2804 incerta
324 2769 454 2804 fabula:

433 2823 555 2872 γαλήν’
584 2826 671 2874 ὁρῶ.
698 2831 742 2860 Β.
772 2829 847 2868 ποῖ,
872 2825 965 2873 πρὸς
989 2827 1099 2869 θεῶν,
1124 2829 1200 2867 ποῖ,
1226 2828 1293 2859 ποῖ
1312 2826 1442 2870 γαλῆν;

434 2887 481 2917 Λ.
507 2879 650 2929 γαλήν’.
676 2888 719 2918 B.
749 2882 818 2929 ἐγώ
846 2882 878 2916 d'
908 2881 1010 2928 ᾤμην
1034 2895 1073 2917 σε
1099 2884 1214 2928 γαλῆν
1237 2883 1352 2927 λέγειν
1376 2880 1459 2929 ὁρῶ.
