2014 3204
790 208 1156 248 7—215—

219 329 314 366 ·aut
341 325 463 378 magis
494 325 625 366 minus
654 325 882 366 artificiosos
911 333 1072 366 nectere
1101 338 1231 378 gyros,
1276 326 1352 366 hoc
1394 325 1517 378 probe
1545 325 1762 366 tenendum

244 399 318 441 est,
346 395 450 447 apud
479 401 630 436 veteres
661 395 827 436 Graecos
855 393 971 445 longe
998 393 1114 433 aliam
1145 406 1229 434 eam
1261 394 1382 434 fuisse
1412 401 1537 434 artem
1582 407 1760 448 eamque,

242 464 387 517 quippe
417 477 516 517 quae
544 478 591 504 ex
619 464 838 504 imitatione
868 461 958 502 nata
988 468 1100 510 esset,
1145 462 1187 502 in
1214 463 1436 503 imitatione
1466 475 1618 510 eorum,
1663 475 1761 516 quae

242 532 504 581 canebantur,
542 533 711 585 positam
755 532 890 572 fuisse.
951 532 1077 578 (Plato
1118 532 1214 583 legg.
1247 533 1325 573 VII.
1359 532 1455 572 876.
1498 545 1532 571 a.
1577 533 1761 585 μίμησις

232 601 327 643 7τῶν
363 600 608 655 λεγομένων
650 599 843 655 σχήμασι
882 602 1088 655 γενομένη
1129 599 1206 654 την
1245 598 1426 655 ὄρχησιν
1464 598 1758 654 ἐξειργάσατο.

241 671 398 712 Aristot.
427 676 533 724 poet.
565 685 598 712 c.
633 673 668 711 1.
699 670 773 711 καὶ
800 669 883 723 γὰρ
913 664 1034 710 οὗτοι
1069 667 1124 721 [οἱ
1166 667 1386 724 ὀρχησταὶ]
1427 667 1506 710 διὰ
1543 669 1628 709 τῶν
1654 680 1760 723 σχη-

239 736 540 793 ματιζομένων
593 740 777 795 ῥυθμῶν
829 738 1066 793 μιμοῦνται
1118 737 1192 779 καὶ
1248 735 1338 792 ἤθη
1383 737 1458 777 καὶ
1505 735 1634 792 πάθη
1684 737 1759 778 καὶ

239 805 458 863 πράξεις).
504 811 639 863 anue
668 823 730 850 ars
759 811 806 850 ab
836 808 1119 858 antiquissimis
1150 807 1396 860 temporibus
1426 820 1517 847 cum
1546 808 1759 848 chororum

239 884 354 919 cantu
382 878 591 919 coniuncta
621 879 837 931 palaestrae
878 877 1223 918 exercitationibus
1252 877 1416 916 mirifice
1446 881 1558 916 aucta
1588 883 1759 929 quanto-

236 959 332 999 pere
359 947 479 987 fuerit
506 947 583 987 iam
614 952 706 987 ante
734 947 935 987 inventam
964 947 1215 987 dramaticam
1245 947 1389 999 poesin
1420 946 1583 992 exculta,
1628 957 1757 997 popu—

234 1016 335 1056 lares
364 1016 449 1056 illae
479 1017 625 1056 multae
654 1016 929 1057 demonstrant
949 1016 1176 1056 saltationes
1196 1015 1388 1066 mimicae,
1419 1026 1586 1067 quarum
1607 1013 1758 1054 mentio

235 1085 279 1125 fit
306 1086 410 1138 apud
439 1085 617 1126 Athen.
646 1086 675 1125 Ι.
707 1085 774 1128 22.
803 1087 845 1126 Β.
877 1082 1076 1139 ὀρχήσεις
1114 1082 1163 1124 δὲ
1203 1081 1385 1124 ἐθνικαὶ
1425 1081 1546 1124 αἵδε·
1592 1085 1758 1124 Λακω-

235 1153 354 1194 νικαὶ
387 1156 429 1194 T
425 1151 665 1209 ροιζηνικαὶ
695 1153 769 1194 καὶ
793 1150 1115 1207 Ἐπιζεφύριοι,
1151 1152 1381 1206 Κρητικαὶ,
1411 1149 1599 1193 Ἰωνικαὶ
1626 1154 1758 1193 Mav-

234 1222 457 1274 τινινικαὶ,
497 1219 550 1270 ἃς
588 1224 815 1277 προκρίνει
840 1219 1137 1275 Ἀριστόξενος
1176 1220 1268 1262 διὰ
1303 1221 1406 1263 τῶν
1443 1221 1639 1274 χειρῶν
1672 1223 1757 1261 κί-

238 1302 397 1345 νησιν
435 1304 681 1345 quarumque
724 1293 935 1332 nonnullas
977 1292 1224 1331 Lucianus
1281 1290 1412 1330 libello
1457 1291 1507 1331 de
1551 1290 1758 1331 saltatione

236 1361 452 1413 composito
474 1361 656 1401 describit
667 1361 710 1410 ¹).
752 1360 1009 1401 Luculentius
1040 1361 1155 1401 etiam
1176 1360 1461 1400 documentum
1489 1361 1587 1401 illud
1615 1357 1757 1414 ὑπορ-

233 1426 437 1482 χημάτων
476 1441 601 1482 genus
633 1430 802 1475 exhibet,
847 1430 1094 1470 Cretensium
1126 1428 1374 1482 peculiare²)‚
1415 1429 1585 1482 Apollini
1614 1443 1757 1471 conse-

233 1502 399 1546 cratum,
429 1499 535 1551 quod
554 1499 713 1538 Pindari
745 1499 990 1551 temporibus
1011 1499 1179 1539 maxime
1199 1499 1381 1538 floruisse
1410 1499 1572 1539 scimus.
1612 1500 1754 1540 Athen.

232 1566 262 1606 Ι.
307 1567 369 1606 15.
412 1567 457 1606 D.
503 1565 550 1607 ἐν
588 1567 640 1625 τῇ
673 1564 945 1619 Ὁπλοποιίᾳ
985 1566 1035 1608 δὲ
1074 1566 1239 1615 παιδὸς
1278 1565 1588 1620 κιθαρίζοντος
1628 1566 1755 1610 ἄλλοι

233 1633 427 1676 ἐναντίοι
480 1633 711 1690 ἀλλήλοισι
751 1635 901 1695 μολπῇ
939 1652 986 1677 τε
1025 1634 1236 1692 ὀρχηθμῷ
1275 1651 1321 1677 τε
1361 1634 1580 1691 ἔσκαιρον.
1640 1635 1754 1680 ὐπο-

231 1706 490 1758 σημαίνεται
530 1703 580 1746 δὲ
620 1703 668 1746 ἓν
705 1703 877 1754 τούτοις
912 1703 936 1748 ὁ
975 1703 1332 1765 ὑπορχηματικὸς
1370 1703 1550 1758 τρόπος,
1591 1704 1639 1756 ὃς
1678 1706 1754 1763 ἢν-

230 1775 373 1827 θησεν
425 1771 503 1814 ἐπὶ
544 1771 796 1828 Ξενοδήμου
849 1776 924 1815 καὶ
966 1774 1188 1829 Πινδάρου
1235 1774 1309 1815 καὶ
1349 1772 1470 1816 ἔστιν
1509 1774 1534 1830 ἦ
1572 1775 1752 1832 τοιαύτη

231 1839 409 1896 ὄρχηρις
447 1844 633 1896 μίμησις
670 1843 756 1884 τῶν
790 1841 878 1884 ὑπὸ
918 1844 992 1898 τῆς
1030 1842 1184 1891 λέξεως
1218 1841 1571 1897 ἑρμηνευομένων
1609 1860 1754 1899 πραγ-

230 1908 393 1964 μάτων.
452 1912 552 1952 Huic
581 1913 688 1952 enim
718 1912 936 1953 saltationis
967 1913 1103 1964 generi
1132 1919 1286 1965 praeter
1315 1918 1444 1952 cetera
1474 1913 1544 1953 uni
1572 1914 1649 1954 hoc
1668 1924 1755 1956 erat

231 1980 449 2033 proprium,
495 1987 537 2020 ut
580 1981 626 2020 ad
671 1987 831 2021 cantum
874 1982 1065 2022 saltarent
1099 1982 1310 2022 choreutae
1341 1987 1462 2034 utque
1491 1983 1639 2035 pedum
1668 1996 1751 2024 non

229 2050 358 2089 solum
389 2049 458 2089 sed
488 2050 607 2090 etiam
637 2062 828 2090 manuum
858 2051 1032 2103 gestibus
1069 2064 1115 2091 ac
1144 2051 1317 2091 motibus
1348 2051 1547 2104 totiusque
1577 2053 1751 2105 corporis

228 2117 364 2158 habitu
393 2131 438 2158 ac
467 2118 683 2159 mobilitate
727 2125 961 2172 quantum
992 2121 1200 2160 maxime
1227 2120 1347 2161 fieri
1376 2126 1576 2173 poterat
1620 2121 1750 2161 dilu-

228 2188 333 2228 cide
361 2187 535 2234 iidem,
581 2189 666 2241 qui
696 2189 965 2238 canebant,
1001 2195 1300 2241 argumenta
1332 2191 1608 2230 carminum
1638 2190 1750 2231 imi-

228 2256 523 2306 tarentur3).

318 2431 345 2470 ²)
370 2430 426 2463 De
451 2429 690 2463 saltatione
714 2441 743 2463 c.
769 2430 799 2463 8.
827 2441 896 2474 sqq.

317 2487 347 2529 ²)
371 2488 508 2521 Schol.
532 2487 697 2520 Pindar.
722 2489 764 2520 ad
780 2487 879 2531 Pyth.
906 2487 943 2521 ll.
971 2489 1047 2523 127.
1072 2488 1247 2523 διέλκεται
1263 2508 1306 2513 —-
1324 2485 1566 2535 ὑπορχήματα
1591 2486 1740 2535 [γράψαι]

225 2546 445 2587 Σωσίβιος
469 2543 538 2586 δὲ,
561 2542 615 2577 τὰ
639 2542 989 2589 ὑπορχηματικὰ
1014 2547 1121 2590 με’λη
1140 2544 1287 2579 πάντα
1303 2543 1497 2592 Κρητικὰ
1522 2548 1747 2591 λέγεσθαι.

315 2600 342 2643 ³)
366 2601 446 2635 Pro
458 2603 507 2635 cl.
535 2603 587 2642 17,
624 2597 869 2647 ὑπόρχημα
903 2601 941 2636 δὲ
976 2601 1016 2636 τὸ
1039 2601 1111 2648 μετ’
1138 2599 1320 2650 ὀρχήσεως
1343 2599 1525 2648 ᾀδόμενον
1547 2606 1654 2648 μέλος
1674 2605 1748 2640 ἐλέ-

226 2669 322 2702 γετο.
368 2659 514 2692 Athen.
538 2659 630 2692 XIV.
657 2660 732 2692 631.
759 2670 787 2692 c.
813 2657 835 2702 ἡ
859 2658 893 2694 δ’
932 2658 1206 2706 ὑπορχηματική
1230 2661 1332 2695 ἐστιν
1354 2662 1392 2696 ἐν
1416 2653 1438 2707 ᾗ
1461 2658 1565 2705 ᾅδων
1589 2661 1609 2696 ὁ
1628 2661 1748 2708 χορὸς

226 2711 395 2759 ὀρχεῖται.
444 2716 610 2750 Lucian.
650 2718 696 2750 de
721 2717 866 2751 saltat.
895 2729 924 2751 c.
950 2719 1002 2752 16.
1051 2719 1222 2752 Cramer
1246 2719 1393 2752 Anecd.
1419 2719 1600 2753 Oxoniens.
1626 2720 1665 2753 T.
1691 2721 1745 2755 lv.

227 2783 256 2815 p.
281 2773 358 2806 314.
404 2769 600 2820 ὑπόρχημά
635 2774 709 2808 ἐστι
744 2778 886 2819 ποίημα
919 2773 1012 2822 πρὸς
1034 2772 1187 2822 ὄρχησιν
1208 2778 1461 2822 γεγραμμένον
1483 2775 1575 2823 πρὸς
1596 2775 1660 2811 τὸν
1683 2777 1745 2811 αὐ-

224 2827 290 2863 τὸν
311 2826 480 2874 ῥυθμὸν,
514 2827 534 2863 ὃ
570 2829 616 2874 δὴ
640 2830 941 2876 ὑπορχηματικόν
962 2833 1127 2867 καλεῖται.
1175 2833 1278 2867 Plut.
1316 2835 1361 2867 de
1396 2834 1534 2867 music.
1560 2847 1588 2868 c.
1614 2835 1644 2868 9.
1693 2835 1741 2870 Cf.

225 2886 454 2920 Fritzsche
479 2888 519 2920 ad
543 2888 714 2934 Aristoph.
739 2891 819 2924 Rau.
846 2902 875 2933 p.
901 2890 978 2923 291.
