2014 3204
914 236 1195 279 -32—

288 359 355 399 uhi
387 357 586 410 thymelen
618 369 689 408 pro
721 356 922 396 orchestra
954 355 1121 408 positam
1154 368 1240 395 esse
1281 368 1327 396 ex
1357 356 1598 407 praegressis
1628 355 1821 396 Athenaei

288 427 416 466 verbis
448 426 541 465 satis
573 424 757 474 elucet¹):

404 491 627 547 Πράτινας
658 491 707 533 δὲ
739 489 766 533 o‘
797 489 1026 540 Φλιάσιος,
1058 487 1255 545 αὐλητῶν
1299 490 1373 531 καὶ
1403 491 1617 546 χορευτῶν
1652 492 1821 546 μισθο-

289 560 440 617 φόρων
469 559 817 613 κατεχόντων
846 557 940 607 τὰς
971 557 1268 614 ὀρχήστρας
1299 555 1564 610 ἀγανακτεῖν
1589 573 1712 608 τινας
1741 559 1820 600 ἐπὶ

288 631 350 685 τῷ
395 628 497 678 τοὺς
543 626 732 683 αὐλητὰς
775 627 834 683 μὴ
871 627 1105 670 συναυλεῖν
1148 633 1243 676 τοῖς
1286 634 1460 682 χοροῖς,
1514 626 1723 682 καθάπερ
1767 625 1822 683 ἦν

289 697 495 753 πάτριον,
534 695 645 738 ἀλλὰ
676 695 776 745 τοὺς
806 693 961 750 χορούς
993 693 1199 746 συνᾴδειν
1227 696 1318 743 τοῖς
1348 693 1567 751 αὐληταῖς.

403 768 532 819 Atque
565 766 625 805 his
674 766 832 818 quidem
864 765 1045 804 terminis
1083 765 1122 803 in
1156 765 1394 805 Graecorum
1431 766 1583 805 theatro
1626 765 1821 818 thymelae

288 836 348 875 vis
380 841 498 887 atque
529 839 704 887 potestas
736 835 890 874 videtur
936 846 1022 872 esse
1054 833 1359 885 circumscripta.
1421 834 1499 873 Iam
1541 835 1589 874 ad
1619 834 1820 874 Romanos

288 904 580 944 transeundum
614 908 685 942 est.
746 904 923 951 Quorum
966 902 1164 941 theatrum
1207 914 1226 941 a
1258 901 1498 942 Graecorum
1528 903 1684 942 theatro
1729 915 1819 942 cum

289 971 458 1010 maxime
491 971 685 1018 differret,
717 971 915 1023 thymelen
946 983 1103 1022 quoque
1140 970 1241 1021 apud
1276 982 1344 1009 eos
1382 969 1485 1009 aliud
1523 970 1615 1022 quid
1661 981 1821 1010 sonasse

288 1045 432 1092 sponte
455 1045 573 1091 patet.
611 1040 768 1080 Etenim
790 1052 879 1079 cum
901 1039 1002 1090 apud
1026 1038 1194 1078 Graecos
1226 1039 1424 1078 orchestra
1448 1043 1551 1077 esset
1572 1037 1682 1078 chori
1703 1042 1821 1089 atque

290 1108 508 1158 tibicinum,
541 1109 642 1160 apud
664 1108 866 1147 Romanos
898 1108 995 1146 adeo
1027 1112 1174 1146 mutata
1207 1111 1268 1146 est
1296 1107 1378 1146 eius
1409 1120 1519 1152 usuS,
1547 1112 1593 1146 ut
1623 1105 1822 1146 senatori-

290 1177 365 1216 bus
399 1182 502 1215 esset
534 1177 632 1222 data,
663 1177 705 1215 in
736 1189 813 1228 qua
843 1175 1009 1215 honoris
1040 1187 1154 1214 causa
1186 1175 1448 1215 considerent.

406 1244 459 1283 Cf.
479 1244 557 1283 Vit
570 1256 667 1283 ruv.
701 1244 780 1283 lib.
801 1244 842 1282 V.
861 1256 893 1282 c.
913 1243 949 1282 6.
980 1244 1035 1282 Ita
1052 1243 1168 1282 latius
1186 1243 1332 1283 factum
1356 1243 1473 1283 suerit
1491 1243 1684 1295 pulpitum
1704 1255 1821 1294 quam

405 1313 655 1360 Graecorum,
679 1313 782 1364 quod
807 1324 977 1351 omnes
1008 1311 1238 1351 artifices
1268 1312 1318 1351 in
1349 1323 1525 1352 scaena
1557 1312 1674 1350 dant
1704 1323 1822 1363 ope-

405 1392 525 1420 ram:
572 1381 623 1420 in
665 1381 922 1420 orchestra
953 1385 1117 1419 autem
1149 1385 1433 1419 senatorum
1465 1385 1584 1419 sunt
1623 1379 1822 1418 sedibus

406 1450 513 1488 loca
545 1450 827 1500 designata:
860 1454 897 1488 et
919 1449 1003 1488 eius
1033 1448 1173 1499 pulpiti
1203 1448 1366 1487 altitudo
1397 1448 1448 1487 sit
1478 1460 1528 1487 ne
1558 1447 1644 1500 plus
1675 1447 1821 1499 pedum

406 1517 596 1568 quinque,
629 1517 686 1556 nti
725 1518 791 1569 qui
820 1517 862 1556 in
894 1518 1093 1557 orchestra
1126 1516 1314 1562 sederint,
1347 1522 1523 1569 spectare
1555 1517 1705 1568 possint
1735 1528 1823 1555 om-

406 1586 516 1624 nium
550 1586 749 1636 agentium
781 1584 963 1637 gestus.2)

407 1654 516 1700 Quae
546 1653 666 1704 igitur
697 1654 800 1705 apud
832 1653 1032 1694 Romanos
1055 1654 1249 1706 thymelae
1280 1653 1355 1692 fuit
1385 1651 1514 1693 ratio?
1565 1652 1822 1692 Sublatamne

295 1734 381 1761 eam
413 1722 453 1760 in
484 1722 639 1761 theatro
661 1722 841 1761 Romano
873 1735 958 1761 esse
988 1720 1271 1762 censebimus?
1317 1722 1376 1761 An
1407 1721 1511 1760 inter
1532 1733 1597 1761 eas
1619 1721 1694 1760 fuit
1723 1733 1822 1768 aras,

294 1790 436 1841 quibus
468 1790 734 1830 Romanorum
767 1803 907 1829 scaena
937 1791 1128 1830 instructa
1161 1803 1247 1829 esse
1277 1790 1506 1842 perhibetur
1535 1802 1557 1829 a

408 1858 581 1897 Donat.
614 1859 671 1897 de
710 1859 931 1909 tragoed.
971 1864 1016 1897 et
1055 1858 1272 1897 comoed.
1334 1857 1377 1895 In
1416 1869 1556 1897 scaena
1602 1859 1701 1898 duae
1732 1869 1822 1896 arae

407 1926 499 1977 poni
533 1926 724 1973 solebant,
755 1927 930 1966 dextra
963 1926 1147 1973 Liberi,
1195 1925 1352 1964 sinistra
1394 1926 1477 1965 eius
1508 1926 1595 1974 Dei,
1641 1925 1703 1965 cui
1742 1925 1823 1965 ludi

408 1994 567 2033 fiebant.
630 1994 676 2033 cf.
710 1994 929 2034 Lactant.
960 1995 1144 2033 institt.
1176 1994 1235 2033 VI.
1270 1993 1334 2033 20.

295 2062 382 2100 Non
413 2062 494 2101 veri
524 2062 620 2101 illud
653 2068 711 2102 est
743 2063 881 2111 simile,
913 2075 1042 2114 neque
1074 2063 1152 2102 ullo
1176 2068 1349 2101 veterum
1382 2062 1610 2101 testimonio
1638 2075 1822 2113 compro-

295 2131 443 2170 batum.
490 2131 628 2180 Immo,
662 2144 750 2169 cum
774 2132 1060 2183 antiquissimis
1081 2130 1327 2182 temporibus
1348 2131 1447 2182 apud
1471 2131 1638 2170 Graecos
1661 2136 1700 2170 et
1714 2130 1825 2169 chori

296 2204 335 2237 et
350 2199 530 2238 tibicines
552 2199 598 2237 ad
622 2200 820 2250 thymelen
842 2200 1126 2245 constitissent,
1148 2199 1188 2237 in
1211 2199 1364 2238 theatro
1387 2205 1517 2238 autem
1537 2199 1714 2239 Romano
1733 2211 1822 2238 cum

295 2268 494 2307 orchestra
536 2267 712 2306 sublatus
745 2273 850 2307 esset
880 2274 988 2308 vetus
1027 2268 1222 2319 thymelae
1254 2267 1374 2315 locus,
1404 2280 1447 2306 re
1478 2280 1641 2319 prorsus
1673 2273 1823 2307 mutata

297 2336 352 2374 nil
383 2335 527 2374 mansit
559 2336 633 2375 nisi
664 2348 825 2375 nomen.
872 2337 957 2384 Quo
980 2337 1138 2388 quidem
1162 2336 1326 2375 nomine
1357 2337 1529 2388 primum
1562 2349 1604 2376 ea
1634 2335 1822 2387 insignita

394 2487 416 2524 ι)
453 2486 567 2519 Aliter
604 2486 849 2529 interpretatus
885 2492 939 2519 est
973 2488 1060 2518 hunc
1098 2487 1205 2519 locum
1239 2486 1277 2518 Ο.
1302 2484 1460 2526 Mueller,
1496 2484 1638 2526 Anhang
1673 2495 1714 2516 zu
1750 2484 1823 2516 dem

299 2545 420 2576 Buchc:
471 2543 658 2586 Aeschylos
683 2544 887 2576 Eumeniden
915 2555 946 2587 p.
973 2544 1028 2576 36.

389 2600 415 2640 2)
441 2599 484 2633 ef.
510 2601 679 2633 Sueton.
704 2600 776 2633 Iul.
803 2612 829 2633 c.
858 2602 910 2633 76.
962 2600 1068 2633 Octa
1082 2612 1111 2633 v.
1141 2612 1168 2633 c.
1196 2600 1250 2632 35.
1299 2600 1428 2631 Cordus
1455 2598 1661 2640 Cremutius,
1698 2607 1739 2630 ne
1764 2597 1823 2630 ad—

298 2659 435 2690 missum
462 2658 593 2700 quidem
619 2662 700 2689 tunc
725 2668 918 2700 quemquam
943 2662 1157 2699 senatorum,
1183 2657 1250 2689 nisi
1276 2657 1400 2697 solum,
1438 2661 1472 2688 et
1495 2659 1709 2698 praetentato
1734 2655 1822 2687 sinu.

299 2716 467 2756 Quosdam
492 2715 533 2746 ad
558 2715 743 2747 excusandi
761 2726 796 2747 se
821 2715 1059 2747 verecundiam
1085 2714 1264 2756 compulit:
1290 2713 1507 2755 servavitque
1533 2712 1633 2744 etiam
1658 2721 1823 2744 excusan—

296 2773 386 2803 tibus
411 2771 542 2813 insigne
568 2771 676 2803 vestis
702 2777 736 2804 et
760 2783 775 2803 s
791 2772 995 2814 pectandi
1020 2772 1059 2803 in
1086 2773 1328 2811 orchestra,
1355 2770 1575 2812 epulandique
1600 2769 1730 2811 publice
1755 2769 1821 2801 ius.

298 2828 352 2860 44.
389 2828 529 2860 Claud.
569 2828 621 2860 21.
685 2828 796 2860 Ludos
833 2829 1060 2861 dedicationis
1096 2828 1291 2871 Pompeiani
1331 2827 1476 2867 theatri,
1513 2827 1597 2868 quod
1635 2826 1822 2873 ambustum

298 2885 512 2926 restituerat,
538 2895 555 2916 e
580 2884 795 2916 tribunali
828 2885 965 2926 posito
992 2885 1034 2917 in
1062 2886 1290 2917 orchestra
1316 2884 1495 2916 commisit.
1522 2894 1551 2915 c.
1577 2883 1631 2916 25.
