2014 3204
750 223 1062 263 —199—

261 338 475 387 Accedunt,
513 352 613 392 quae
643 339 828 393 capitis
857 339 1105 380 altitudinem
1137 341 1320 391 augentia
1350 341 1399 380 ad
1430 341 1674 393 amplifican-

149 417 242 458 pam
286 407 491 448 histrionis
534 414 704 450 statuam
720 427 727 429 ⁷⁷
748 407 1015 455 conferebant,
1057 406 1184 458 ὄγκος
1213 414 1253 449 et
1282 409 1558 463 περίκρανον.
1618 409 1675 449 De

147 475 292 528 quihus
321 477 551 529 priusquam
568 476 771 529 explicem,
799 476 849 517 de
869 488 1193 529 personarum
1226 477 1307 517 sive
1324 477 1518 517 larvarum
1534 482 1673 518 natura

147 549 189 584 et
216 544 368 596 origine
396 557 518 597 pauca
538 549 632 585 sunt
646 545 945 598 praemittenda,
977 546 1210 598 quibuscum
1239 545 1303 585 illa
1324 551 1420 585 sunt
1449 547 1672 587 coniuncta.

240 613 524 663 *Personarum
554 613 612 653 vel
640 614 834 653 larvarum
866 626 911 653 ea
941 619 1000 654 est
1030 614 1227 654 sententia
1258 627 1303 654 ac
1332 619 1492 662 natura,
1538 620 1583 655 ut
1612 616 1672 656 fa-

146 682 248 723 ciem
292 688 333 722 et
375 682 527 722 vultum
572 681 780 722 hominum
826 687 1026 723 mutantes
1064 687 1210 722 exuant
1245 682 1354 734 quasi
1386 694 1499 723 suam
1531 683 1672 737 cuique

145 755 326 805 naturam
372 756 489 802 atque
532 754 685 790 mutato
729 762 798 790 ore
830 756 868 790 et
898 751 1006 790 vultu
1038 756 1219 790 naturam
1251 763 1410 803 quoque
1442 751 1475 791 ei
1505 751 1671 792 induere

146 818 354 858 videantur
382 817 561 858 alienam.
620 818 705 858 Hoc
733 825 878 865 autem,
924 819 1018 859 dum
1050 819 1249 871 simplices
1279 825 1376 859 sunt
1405 824 1522 872 atque
1550 820 1671 860 rudes

143 886 352 928 hominum
382 885 516 933 animi,
561 886 624 926 vix
654 887 867 940 quisquam
896 888 938 927 in
968 888 1149 927 animum
1180 893 1312 940 potest
1339 887 1551 936 inducere,
1596 889 1672 927 nisi

143 954 212 1008 qui
239 966 375 994 amore
404 960 523 1007 atque
554 953 816 995 admiratione
845 956 985 1008 plenus
1007 954 1105 1003 cius,
1136 968 1255 1008 quem
1284 954 1408 1007 diligit
1427 962 1545 1008 atque
1567 956 1671 1003 colit,

143 1035 262 1076 quam
291 1021 513 1062 simillimus
542 1023 628 1063 fieri
657 1023 762 1063 velit.
824 1023 956 1076 ltaque
985 1024 1131 1064 factum
1163 1028 1242 1071 est,
1286 1030 1332 1063 ut
1360 1024 1407 1071 ii,
1452 1024 1520 1076 qui
1562 1036 1670 1064 sacra

140 1090 313 1144 Dionyso
343 1089 552 1139 faciebant,
583 1091 692 1131 cultu
723 1090 808 1131 eius
840 1091 954 1131 exciti
975 1091 1245 1144 Bacchicoque
1275 1092 1388 1145 quasi
1417 1091 1553 1132 furore
1582 1105 1672 1133 cor-

139 1158 257 1211 repti,
285 1157 434 1199 abiecta
463 1158 646 1211 peculiari
676 1172 747 1200 sua
776 1165 937 1205 natura,
981 1166 1087 1200 totos
1116 1173 1160 1200 se
1190 1160 1475 1200 adsimularent
1502 1159 1669 1201 Baccho.

141 1226 266 1280 quue
308 1226 414 1267 nulla
459 1233 543 1267 arte
586 1226 759 1268 adhibita
798 1228 896 1268 facili
926 1228 1085 1280 negotio
1115 1229 1306 1281 perficere
1334 1227 1408 1269 sihi
1436 1228 1670 1270 videbantur

141 1295 345 1348 cingentes
375 1296 499 1348 capita
530 1308 639 1336 sacra
670 1296 810 1336 fronde
838 1296 1060 1350 faciemque
1090 1297 1288 1348 tingentes
1332 1296 1450 1338 rebus
1494 1298 1536 1337 in
1572 1298 1669 1350 ipsis

140 1365 253 1406 festis
296 1363 402 1406 forte
446 1364 607 1413 oblatis,
651 1366 771 1406 veluti
816 1365 895 1405 vini
933 1365 1041 1406 faece
1071 1366 1375 1420 plantarumque
1405 1379 1495 1407 cum
1527 1366 1668 1408 Bacchi

139 1432 264 1474 sacris
308 1433 610 1474 coniunctarum
656 1445 765 1474 suco.
823 1434 954 1485 Atque
992 1433 1056 1473 hic
1085 1433 1246 1486 quidem
1277 1447 1364 1475 mos
1395 1434 1456 1476 vel
1484 1439 1571 1475 tum
1601 1447 1668 1475 re-

138 1507 274 1542 tentus
308 1506 379 1548 est,
425 1514 515 1542 cum
562 1514 610 1542 ex
640 1500 895 1554 dithyrambis
924 1502 967 1542 in
997 1501 1192 1543 honorem
1222 1501 1362 1542 Bacchi
1394 1501 1540 1543 saltatis
1569 1515 1668 1555 pau-

137 1569 249 1610 latim
279 1574 372 1610 nata
402 1575 462 1610 est
490 1569 703 1621 tragoedia,
747 1570 799 1610 ita
831 1575 976 1617 tamen,
1015 1575 1061 1610 ut
1089 1571 1207 1624 polita
1238 1569 1360 1622 magis
1391 1571 1596 1624 magisque
1625 1584 1667 1611 re

137 1638 315 1680 scaenica
345 1638 587 1691 expoliretur
623 1638 739 1679 etiam
771 1650 1031 1691 personarum
1061 1651 1170 1681 usus.
1231 1638 1477 1679 Videntur
1506 1644 1667 1679 autem

136 1707 233 1748 tria
262 1718 594 1760 personarum
625 1718 809 1759 genera
830 1718 986 1760 usque
1014 1706 1068 1747 ad
1090 1707 1392 1760 Aeschylum
1424 1706 1666 1760 deinceps

138 1788 188 1815 se
219 1775 468 1828 excipere.
509 1775 607 1815 Nam
637 1774 845 1828 primum
876 1775 1051 1828 quidem,
1082 1781 1126 1816 ut
1157 1776 1274 1816 modo
1305 1774 1490 1820 diximus,
1519 1775 1666 1828 capillis

137 1841 225 1894 apio
254 1842 447 1882 redimitis
478 1854 545 1882 ora
576 1843 636 1883 vel
664 1843 836 1883 faecibus
856 1842 1142 1895 perungebant,
1171 1844 1232 1884 vel
1262 1842 1368 1896 quod
1399 1848 1538 1895 postea
1567 1855 1666 1883 usu-

136 1909 255 1956 venit,
283 1910 516 1958 ranunculo,
546 1911 782 1958 andrachne,
814 1923 973 1967 cerussa
994 1909 1254 1962 tingebant1).
1292 1911 1514 1951 Vocabatur
1533 1917 1665 1951 autem

136 1977 223 2019 talis
251 1977 371 2018 facies
404 1976 630 2032 [artificiose
660 1980 709 2020 ad
738 1991 904 2020 scaenae
933 1991 1052 2019 usum
1087 1979 1345 2031 conformata]
1375 1984 1666 2032 προσωπεῖον

136 2046 273 2097 (larva)
320 2047 426 2098 [cum
470 2045 715 2101 πρόσωπον
757 2047 977 2088 naturalem
1022 2047 1213 2099 significet
1242 2048 1450 2088 hominum
1488 2046 1665 2097 vultuml.

134 2114 328 2155 Anthol.
358 2115 509 2156 Palat.
539 2116 587 2156 11.
618 2114 723 2156 408:

221 2181 301 2237 Μή
330 2185 480 2225 τοίνυν
510 2182 558 2225 τὸ
598 2181 842 2238 πρόσωπον
882 2179 1003 2224 ἅπαν
1038 2180 1230 2238 ψιμύθῳ
1272 2182 1566 2232 κατάπλαττε,

220 2247 331 2292 ὥστε
370 2258 739 2306 προσωπεῖον
777 2248 901 2303 κούχὶ
940 2249 1239 2305 πρόσωπον
1278 2250 1406 2303 ἔχειν.

134 2319 335 2372 Gregor.
368 2320 474 2361 Naz.
505 2321 652 2361 Carm.
684 2333 722 2374 p.
758 2320 850 2360 147.
881 2332 914 2359 c.

217 2385 331 2441 μηδὲ
360 2387 473 2428 θεοῦ
498 2387 673 2443 μορφὰς
707 2387 970 2443 ἐπαλείφετε
998 2383 1232 2442 χρώμασιν
1261 2388 1473 2442 αἷσχροῒς,

217 2450 332 2495 ὥστε
364 2462 692 2508 προσωπεῖα
721 2454 845 2508 κούχὶ
877 2451 1102 2510 πρόσωπα
1132 2457 1297 2510 φέρειν.

133 2523 299 2576 Saepius
321 2536 413 2564 vero
438 2519 685 2577 πρόσωπον
705 2529 743 2565 et
764 2525 1093 2578 nqoo'wnsz'ofl)
1113 2525 1217 2566 inter
1231 2538 1274 2565 se
1290 2530 1531 2565 commutata
1553 2531 1660 2566 sunt.

246 2593 477 2633 Secutum
525 2599 602 2633 est
645 2593 854 2634 alterum
893 2605 1073 2645 genus,
1116 2606 1164 2634 ex
1193 2605 1271 2646 quo
1302 2605 1383 2633 non
1412 2592 1490 2633 iam
1522 2593 1662 2635 Bacchi

134 2659 255 2700 solius
285 2659 374 2707 vita,
405 2660 600 2708 instituta,
632 2663 732 2701 sacta
763 2661 1075 2708 celebrabantur,
1106 2662 1175 2702 sed
1197 2661 1363 2701 aliorum
1386 2672 1543 2713 quoque
1564 2661 1661 2702 deo—

230 2763 256 2804 ¹)
279 2762 328 2796 Cf.
355 2764 468 2797 Suid.
495 2775 525 2796 v.
551 2765 701 2800 Θέσπις.
729 2763 775 2796 De
800 2765 964 2808 Aeschyli
990 2775 1027 2797 re
1053 2765 1208 2797 scaenica
1233 2775 1263 2807 p.
1291 2763 1366 2796 121.

226 2820 256 2861 ²)
279 2819 400 2853 Eodem
435 2821 650 2854 referendum
683 2826 736 2854 est
764 2821 964 2854 vocabulum
992 2817 1381 2865 ἆποπροσωπίζεσθαι.
1429 2820 1515 2853 Poll.
1541 2819 1579 2854 11.
1604 2822 1657 2854 48.

133 2871 415 2922 ἀποπροσωπ
429 2878 492 2916 [ζε
506 2881 618 2911 σθαι
643 2877 680 2912 δὲ
698 2876 735 2910 τὸ
754 2880 946 2923 καθαίρειν
968 2875 1007 2910 τὸ
1034 2871 1250 2922 πρόσωπον,
1273 2876 1352 2911 εἶπε
1376 2874 1611 2923 Φερεκράτης.
