2014 3204
901 221 1185 263 —34-..

289 338 452 379 ferenda
483 340 533 379 sit
550 338 732 378 Paridem
765 343 833 378 aut
862 338 1055 378 maiorem
1088 339 1247 387 illum1)‚
1279 339 1344 391 qui
1375 339 1543 380 Neronis
1571 340 1646 380 fuit
1677 353 1821 394 aequa-

289 408 347 454 lis,
370 413 436 447 aut
458 407 651 447 minorem
670 406 705 457 ²)
727 419 897 459 eumque
918 407 1186 456 illustriorem,
1209 407 1277 460 qui
1299 408 1506 448 Domitiani
1529 414 1656 449 aetate
1676 409 1820 458 floruit,

287 476 396 515 urbis
427 476 595 523 delicias,
628 475 876 527 Romanique
908 477 1026 516 decus
1055 474 1252 525 theat1·i³).

401 544 610 584 Latissime
641 544 809 597 denique
839 545 1033 596 thymelae
1064 550 1182 597 atque
1227 545 1529 597 thymelicorum
1560 545 1668 585 notio
1713 551 1820 598 patet

289 612 391 664 apud
428 613 710 653 Salvianum
748 613 804 652 ad
837 614 1163 654 Trevirenses
1208 627 1244 666 p.
1282 613 1374 653 152.
1435 614 1503 659 „Si
1541 615 1698 666 quando
1742 628 1819 655 usu

404 681 571 729 venerit,
604 682 706 733 quod
738 681 885 721 scilicet
915 694 1030 734 saepe
1062 682 1202 728 evenit,
1235 687 1279 721 ut
1300 683 1439 721 eodem
1471 682 1534 722 die
1566 688 1606 722 et
1626 682 1819 722 festivitas

401 750 660 790 ecclesiastica
694 756 732 789 et
761 749 844 789 ludi
875 750 1020 801 publici
1051 755 1226 802 agantur,
1256 763 1402 802 quaero
1432 751 1479 790 ab
1511 751 1689 790 omnium
1722 763 1818 791 con-

400 817 586 866 scientia,
635 819 721 870 quis
766 819 874 857 locus
917 818 1077 858 maioris
1110 819 1423 858 Christianorum
1469 819 1643 859 virorum
1690 820 1818 871 copias

398 886 557 932 habeat,
590 899 756 926 caveane
787 886 866 926 ludi
897 886 1062 938 publici,
1099 899 1148 926 an
1178 887 1321 927 atrium
1353 887 1439 933 Dei,
1481 887 1578 926 dicta
1611 887 1817 939 Evangeli-

398 966 533 994 corum
567 955 688 1006 magis
720 955 895 1007 diligant,
927 967 976 994 an
1008 956 1401 1007 thymelicorum.

285 1022 381 1061 Nam
414 1023 509 1074 quid
539 1024 700 1063 tandem
731 1025 808 1063 hoc
837 1025 922 1063 loco
953 1024 1171 1075 thymelici,
1209 1024 1286 1063 nisi
1315 1023 1354 1062 in
1388 1024 1615 1063 universum
1648 1018 1817 1063 artifices

284 1089 484 1130 scaenici?

399 1160 504 1200 Haec
549 1161 688 1209 habui,
733 1174 834 1212 quae
880 1160 928 1199 de
972 1161 1166 1211 thymelae
1212 1172 1287 1200 usu
1331 1160 1510 1200 scaenico
1557 1160 1814 1211 disputarem.

287 1227 450 1267 Constat
479 1228 610 1278 igitur,
644 1230 703 1276 (ut
734 1228 905 1267 breviter
934 1235 1176 1280 repetamus,
1225 1241 1324 1280 quae
1355 1228 1540 1280 deinceps
1571 1233 1665 1267 sunt
1696 1241 1817 1280 expo-

246 1322 254 1327 -
285 1296 390 1346 sita),
421 1297 538 1348 idque
571 1302 672 1336 certa
704 1297 1025 1337 testimoniorum
1048 1298 1136 1343 lide,
1170 1297 1416 1348 thymelen
1438 1296 1637 1348 proprie
1661 1296 1816 1336 fuisse

284 1376 434 1410 aram,
482 1377 707 1416 eamque,
756 1370 1009 1405 exstructo
1055 1366 1179 1417 apud
1233 1365 1448 1404 Graecos
1497 1364 1717 1411 theatro,
1763 1365 1815 1404 in

283 1433 543 1472 orchestra
581 1434 815 1485 positam,
859 1447 969 1473 mox
1010 1434 1167 1486 ipsius
1206 1434 1502 1473 orchestrae
1543 1434 1637 1473 vim
1678 1433 1815 1473 obti-

283 1500 456 1540 nuisse
496 1514 546 1540 ac
586 1506 913 1553 potestatem,
953 1502 1001 1540 in
1039 1503 1376 1541 Romanorum
1416 1506 1578 1540 autem
1610 1503 1815 1541 theatro

281 1569 497 1620 primum
521 1582 620 1609 eam
643 1571 800 1610 fuisse
823 1583 1032 1611 scaenae
1053 1575 1266 1622 partem,
1290 1569 1373 1609 ubi
1395 1570 1617 1609 artifices
1640 1570 1815 1610 musici

280 1644 625 1686 versarentur,
657 1639 839 1678 deinde
869 1645 1024 1679 totam
1058 1639 1375 1690 significasse
1406 1650 1647 1678 scaenam.

377 1764 400 1805 ¹)
427 1764 475 1797 Cf.
502 1764 641 1798 Tacit.
669 1777 754 1798 ann.
781 1765 869 1798 Xlll.
900 1766 950 1798 19.
977 1766 1031 1798 22.
1058 1766 1112 1798 27.
1161 1765 1330 1798 Sueton.
1358 1764 1454 1797 Ner.
1480 1776 1507 1797 c.
1536 1765 1588 1797 54.

376 1822 400 1862 2)
427 1821 569 1855 luven.
596 1828 674 1855 sat.
702 1822 755 1856 VI.
783 1823 836 1855 87.
885 1823 1055 1855 Sueten.
1081 1822 1231 1854 Doluit.
1259 1834 1286 1854 c.
1314 1822 1344 1853 3.

373 1877 399 1921 ³)
425 1879 613 1912 Martial.
639 1880 710 1912 lib.
736 1879 796 1912 ΧΙ.
826 1881 875 1913 14.
926 1880 1086 1922 Quisquis
1112 1878 1313 1911 Flaminiam
1338 1879 1423 1911 teris
1450 1878 1563 1910 viator

548 1936 630 1969 Noli
656 1937 767 1969 nobile
793 1936 984 1980 praeterire
1011 1947 1166 1969 marmor.

555 1994 665 2027 Urbes
692 1994 847 2036 deliciae,
873 1995 1029 2037 salesque
1055 1993 1137 2035 Nili,

548 2051 616 2083 Ars
642 2057 677 2084 et
701 2052 824 2093 gratia,
849 2053 944 2084 lusus
971 2056 1005 2084 et
1029 2051 1198 2094 voluptas,

550 2107 690 2140 Romani
716 2110 817 2141 decus
843 2114 878 2141 et
907 2109 1006 2141 dolor
1030 2108 1168 2149 theatri,

549 2164 661 2207 Atque
689 2176 802 2198 omues
827 2165 994 2207 Veneres,
1020 2165 1279 2208 Cupidinesque,

551 2221 620 2253 Hoc
646 2227 725 2254 sunt
752 2222 897 2263 condita,
924 2233 988 2264 quo
1015 2222 1127 2263 Paris,
1153 2222 1319 2264 sepulcro.
