2014 3204
874 201 1184 242 —132-

267 317 408 372 tyrico)
439 315 467 372 ἢ
497 319 615 366 οἶκος
645 312 821 365 ἔνδοξος
867 319 924 369 (in
954 317 1156 364 comoedia)
1204 315 1230 371 ἢ
1275 317 1367 359 πᾶν
1409 316 1458 358 τὸ
1505 331 1793 372 πρωταγωνι-

269 387 396 427 στοῦν
438 388 516 428 τοῦ
562 383 795 441 δράματος·
838 381 866 438 ἡ
910 382 960 425 δὲ
1004 383 1127 431 δεξιὰ
1176 385 1253 426 τοῦ
1298 384 1794 439 δευτεραγωνιστοῧντος

269 452 556 506 καταγώγιον·
587 452 612 508 ἡ
646 453 695 495 δὲ
725 451 979 508 ἇριστερόιῆ
1008 451 1057 493 τὸ
1080 449 1382 494 εὐτελέστατον
1412 453 1500 504 ἔχει
1532 451 1791 506 πρόσωπον,

270 520 297 576 ἢ
329 519 448 576 ἱερὸν
481 518 840 576 [ἐξηρημωμένον]
874 518 900 575 ἢ
931 518 1082 568 ἄοικός
1113 519 1245 561 ἐστιν.
1295 521 1394 561 Miro
1426 522 1544 562 modo
1575 522 1616 562 in
1646 523 1719 571 his,
1748 530 1793 563 ut

271 590 313 630 in
345 591 557 643 plerisque,
592 603 690 643 quae
722 590 859 629 Pollux
891 589 938 629 de
968 601 1107 630 scaena
1138 589 1271 636 tradit,
1314 590 1408 630 falsa
1438 591 1540 630 veris
1586 596 1679 631 sunt
1724 591 1795 631 ad-

274 659 410 698 mixta.
471 659 577 699 Solet
616 659 736 706 enim,
768 671 867 710 quae
897 658 938 697 in
968 658 1140 708 singulas
1171 663 1325 698 tantum
1357 658 1501 698 cadunt
1544 659 1704 706 fabulas,
1749 659 1797 698 de

269 726 454 767 omnihus
485 727 720 780 praedicare.
782 726 868 773 Quo
899 726 964 773 fit,
995 731 1039 765 ut
1069 737 1150 765 non
1181 726 1276 766 satis
1308 727 1506 778 possimus
1551 739 1700 774 cavere,
1746 739 1796 766 ne

267 807 339 847 per
371 807 461 835 eum
491 795 632 835 irretiti
664 794 919 846 decipiamur.
979 794 1092 841 Quod
1123 805 1173 833 ne
1203 800 1353 834 temere
1385 795 1528 835 dixisse
1558 795 1701 842 videar,
1731 800 1796 835 ut-

268 874 345 914 que
377 862 424 902 de
454 862 624 902 Pollucis
655 862 732 901 fide
763 862 918 914 saepius
951 862 1199 902 detracturus
1231 863 1383 903 facilius
1419 863 1505 915 ipse
1535 863 1651 903 fidem
1681 863 1798 902 inve-

268 930 386 978 niam,
418 931 490 970 hac
512 931 717 970 occasione
739 930 866 970 oblata
890 930 1135 982 explanatius
1164 930 1274 971 lubet
1296 932 1582 971 demonstrare.
1629 930 1796 970 Omissis

269 1003 401 1038 autem
432 998 480 1038 iis
512 1011 610 1050 quae
642 999 690 1038 de
720 998 906 1051 peculiari
937 999 1173 1050 tragoediae,
1221 999 1459 1047 comoediae,
1505 998 1660 1051 satyrici
1705 999 1796 1039 dra-

270 1067 386 1107 matis
418 1068 674 1108 exornatione
705 1067 944 1114 referuntur,
977 1079 1020 1106 ea
1050 1073 1203 1107 tantum
1227 1079 1454 1120 persequar,
1487 1080 1587 1120 quae
1618 1067 1797 1107 omnium

267 1134 425 1187 propria
478 1148 565 1175 esse
611 1135 717 1175 dicit.
791 1135 844 1174 Ac
893 1134 1065 1187 primum
1112 1135 1272 1187 quidem
1317 1136 1454 1175 Pollux
1497 1141 1599 1175 tres
1641 1135 1798 1175 fuisse

267 1203 421 1243 tradit
461 1203 511 1243 in
547 1215 725 1243 scaena
770 1208 953 1255 portas.
1014 1203 1126 1250 Quod
1172 1208 1328 1243 tantum
1373 1204 1482 1243 abest
1525 1208 1571 1243 ut
1616 1203 1798 1243 omnibus

268 1270 448 1323 Aeschyli
479 1271 622 1311 fabulis
656 1272 926 1318 confirmetur,
973 1273 1099 1321 (taceo
1132 1272 1238 1311 enim
1270 1272 1318 1311 de
1348 1270 1509 1323 reliquis
1554 1272 1711 1323 poetis),
1756 1276 1800 1311 ut

270 1351 350 1379 una
399 1339 651 1391 potissimum
703 1340 905 1391 tragoedia
951 1340 1065 1391 plane
1110 1340 1320 1380 refellatur.
1399 1339 1499 1387 Quid
1547 1338 1684 1379 enim?
1755 1339 1802 1379 In

271 1406 608 1455 Prometheo,
639 1409 681 1447 in
713 1420 792 1460 quo
824 1408 919 1447 nihil
951 1413 1208 1460 conspectum
1241 1421 1328 1448 esse
1358 1407 1431 1447 nisi
1472 1407 1668 1448 desertam
1700 1408 1800 1448 Cau-

273 1476 351 1515 casi
397 1487 538 1528 rupem
569 1477 655 1529 ipso
694 1477 871 1528 Aeschyli
918 1476 1147 1516 testimonio
1194 1476 1395 1526 constat¹)‚
1442 1489 1538 1516 num
1584 1476 1633 1515 de
1675 1476 1801 1516 tribus

271 1556 436 1584 scaenae
468 1545 593 1596 portis
625 1551 754 1597 potest
785 1543 977 1596 cogitari?
1037 1545 1162 1584 Immo
1207 1556 1258 1583 ne
1305 1556 1381 1584 una
1427 1545 1585 1595 quidem
1631 1544 1717 1593 fuit,
1763 1550 1802 1584 et

272 1613 338 1665 qui
369 1613 412 1652 in
442 1624 624 1653 scaenam
657 1614 878 1665 procedunt
907 1613 1132 1660 histriones,
1169 1624 1308 1652 omnes
1353 1612 1400 1651 ab
1445 1612 1635 1652 alterutro
1680 1613 1798 1653 latere

272 1694 433 1733 peregre
464 1682 778 1734 proficiscuntur.
839 1680 974 1734 Neque
1005 1694 1096 1721 vero
1129 1681 1203 1720 hoc
1243 1681 1371 1720 solum
1418 1681 1517 1732 apud
1562 1681 1798 1733 Aeschylum

272 1750 423 1800 accidit,
455 1751 524 1790 sed
554 1751 661 1791 idem
692 1750 898 1802 Sophoclis
928 1749 1173 1796 auctoritate,
1218 1754 1262 1788 ut
1302 1748 1377 1788 hoc
1408 1761 1532 1788 unum
1578 1749 1799 1801 exemplum

273 1818 450 1866 afferam,
483 1819 636 1870 egregie
668 1819 959 1870 comprobatur,
989 1817 1030 1856 in
1061 1816 1172 1856 cuius
1193 1817 1409 1857 Philocteta
1440 1829 1522 1857 non
1554 1817 1675 1870 magis
1705 1816 1800 1857 ferri

274 1891 404 1938 potest
441 1886 504 1926 ille
535 1886 656 1927 trium
701 1891 906 1938 portarum
951 1885 994 1924 in
1035 1897 1175 1924 scaena
1221 1897 1328 1925 usus.
1388 1885 1525 1938 Itaque
1569 1885 1615 1925 ad
1662 1897 1801 1925 omnes

273 1955 450 2005 profecto
481 1953 631 1993 fabulas
662 1953 828 1993 minime
859 1954 933 1993 hoc
954 1953 1123 1992 Pollucis
1144 1952 1418 1992 testimonium
1449 1957 1581 2005 potest
1610 1957 1800 2005 spectare.

385 2021 465 2061 Iam
499 2022 622 2061 multo
654 2023 772 2061 etiam
804 2021 958 2061 salsiora
991 2027 1096 2068 sunt,
1128 2034 1228 2073 quae
1250 2026 1491 2074 sequuntur:
1524 2015 1550 2075 ἦ
1581 2022 1690 2075 μέση
1721 2019 1802 2074 μὲν

274 2088 504 2142 βασίλειον
534 2087 561 2143 ἢ
591 2090 698 2131 πᾶν
733 2089 790 2130 τὸ
823 2090 1323 2143 πρωταγωνιστοῦν
1367 2090 1458 2130 τοῦ
1505 2086 1802 2142 δράματος,

272 2155 299 2212 ἦ
331 2155 379 2197 δὲ
415 2155 540 2204 δεξιὰ
569 2158 662 2198 τοῦ
707 2156 1342 2211 δευτεραγωνιστοῦντος
1388 2154 1742 2207 καταγώγιον,
1773 2151 1800 2209 ἦ

275 2223 325 2264 δὲ
354 2221 564 2278 ἀριστερά
594 2240 629 2265 κ.
661 2240 698 2265 τ.
730 2224 785 2274 Z„
818 2238 899 2265 non
931 2239 1008 2277 quo
1041 2237 1181 2275 negem
1213 2226 1266 2265 im
1312 2225 1456 2277 tragica
1485 2237 1622 2265 scaena
1652 2225 1802 2278 saepis-

282 2293 381 2333 sime
402 2293 561 2345 regiam,
583 2294 624 2333 in
647 2294 821 2333 dramate
851 2294 1016 2345 satyrico
1048 2306 1267 2341 cavernam,
1289 2294 1330 2333 in
1353 2294 1553 2334 comoedia
1570 2294 1688 2334 aedes
1719 2294 1804 2346 pri—

274 2365 382 2400 vatas
414 2366 631 2401 monstrata
679 2361 822 2409 suisse3
867 2361 937 2401 sed
982 2362 1077 2401 illud
1125 2362 1288 2402 omnino
1334 2374 1416 2401 non
1460 2367 1591 2414 potest
1635 2362 1804 2413 probari,

277 2429 383 2480 quod
428 2442 518 2480 per
568 2430 780 2470 mediam
826 2443 1032 2470 scaenae
1078 2436 1272 2481 portam
1318 2430 1444 2470 dicit
1487 2429 1804 2482 processisse

274 2496 491 2548 primarum
522 2497 692 2549 partium
725 2504 920 2546 actorem,
951 2497 1403 2550 protagonistam2),
1450 2510 1538 2549 per
1581 2498 1803 2538 dextram

369 2624 398 2665 ¹)
423 2624 447 2655 A
465 2634 482 2656 e
499 2635 513 2656 s
528 2624 651 2667 chyl.
677 2622 701 2655 P
717 2634 733 2655 r
750 2634 767 2655 ο
782 2634 812 2656 ιιι
826 2625 914 2656 eth.
940 2635 972 2656 v.
1000 2618 1029 2657 Ξ.
1057 2621 1191 2666 ἄβατον
1215 2625 1263 2661 εἰς
1287 2622 1447 2670 ἐρημίαν.
1474 2635 1507 2657 ν.
1526 2624 1556 2655 4.
1577 2625 1607 2656 5.
1626 2623 1679 2656 20.
1699 2635 1730 2657 v.
1750 2624 1803 2656 30.

277 2679 362 2713 ἀνθ’
388 2671 439 2714 ὧν
465 2679 602 2727 ἀτερπῆ
625 2676 732 2722 τήνδε
757 2679 980 2730 φρουρήσεις
1003 2683 1148 2727 πέτραν.
1177 2692 1209 2713 v.
1237 2681 1311 2713 142.

370 2738 399 2779 ²²)
425 2738 481 2770 Sic
511 2738 597 2770 enim
623 2738 913 2780 interpretandum
938 2748 1012 2770 esse
1037 2739 1123 2770 hunc
1147 2738 1256 2771 locum
1280 2737 1428 2770 arbitror
1451 2748 1522 2769 cum
1541 2737 1579 2770 Ο.
1599 2737 1804 2771 Muellero

277 2794 497 2836 (Geschichte
523 2795 583 2826 der
600 2795 831 2835 griechischen
851 2794 1044 2827 Littcratur
1068 2794 1095 2826 ΙΙ
1120 2805 1149 2837 p.
1176 2795 1245 2836 56),
1270 2795 1325 2836 qui
1350 2798 1458 2826 tamen
1478 2805 1542 2826 non
1557 2800 1650 2827 recte
1670 2795 1805 2828 videtur

278 2853 359 2884 haec
386 2852 536 2883 Pollucis
563 2851 666 2884 verba
692 2851 846 2894 probare.
896 2850 935 2883 G.
963 2852 1103 2883 Herma
1115 2862 1215 2883 nnus
1241 2851 1287 2883 ita
1316 2851 1475 2893 explicat,
1500 2856 1536 2882 ut
1560 2856 1685 2884 statuat
1711 2862 1806 2896 πρω-
