<?xml version="1.0" encoding="UTF-8"?>
<!DOCTYPE html PUBLIC "-//W3C//DTD XHTML 1.0 Transitional//EN"
    "http://www.w3.org/TR/xhtml1/DTD/xhtml1-transitional.dtd">
<html xmlns="http://www.w3.org/1999/xhtml" xml:lang="en" lang="en">
 <head>
  <title>
</title>
<meta http-equiv="Content-Type" content="text/html;charset=utf-8" />
  <meta name='ocr-system' content='tesseract 3.04.00' />
  <meta name='ocr-capabilities' content='ocr_page ocr_carea ocr_par ocr_line ocrx_word'/>
</head>
<body>
  <div class='ocr_page' id='page_1' title='image "./scaenicacollecta00sommuoft_0147.png"; bbox 0 0 2014 3204; ppageno 0'>
   <div class='ocr_carea' id='block_1_1' title="bbox 820 252 1130 292">
    <p class='ocr_par' dir='ltr' id='par_1_1' title="bbox 820 252 1130 292">
     <span class='ocr_line' id='line_1_1' title="bbox 820 252 1130 292; baseline -0.003 0"><span class='ocrx_word' id='word_1_1' title='bbox 820 252 1130 292; x_wconf 85' lang='lat'><strong>——135—</strong></span> 
     </span>
    </p>
   </div>
   <div class='ocr_carea' id='block_1_2' title="bbox 199 367 1750 2536">
    <p class='ocr_par' dir='ltr' id='par_1_2' title="bbox 214 367 1750 763">
     <span class='ocr_line' id='line_1_2' title="bbox 217 367 1746 422; baseline 0 -13"><span class='ocrx_word' id='word_1_2' title='bbox 217 370 385 422; x_wconf 88' lang='lat' dir='ltr'><strong>picturis</strong></span> <span class='ocrx_word' id='word_1_3' title='bbox 416 380 645 409; x_wconf 80' lang='lat' dir='ltr'><strong>scaenarum</strong></span> <span class='ocrx_word' id='word_1_4' title='bbox 678 373 717 408; x_wconf 90' lang='lat' dir='ltr'><strong>et</strong></span> <span class='ocrx_word' id='word_1_5' title='bbox 756 367 921 419; x_wconf 76' lang='lat' dir='ltr'>tragicae</span> <span class='ocrx_word' id='word_1_6' title='bbox 952 373 991 407; x_wconf 92' lang='lat' dir='ltr'><strong>et</strong></span> <span class='ocrx_word' id='word_1_7' title='bbox 1035 367 1234 419; x_wconf 73' lang='lat' dir='ltr'><strong>satyricae.</strong></span> <span class='ocrx_word' id='word_1_8' title='bbox 1295 369 1479 409; x_wconf 89' lang='lat' dir='ltr'><strong>Vitruv.</strong></span> <span class='ocrx_word' id='word_1_9' title='bbox 1512 382 1545 408; x_wconf 93' lang='lat' dir='ltr'><strong>v.</strong></span> <span class='ocrx_word' id='word_1_10' title='bbox 1579 370 1617 408; x_wconf 91' lang='lat'><strong>7.</strong></span> <span class='ocrx_word' id='word_1_11' title='bbox 1676 369 1746 409; x_wconf 87' lang='lat' dir='ltr'><em>Se-</em></span> 
     </span>
     <span class='ocr_line' id='line_1_3' title="bbox 218 435 1750 489; baseline -0.001 -11"><span class='ocrx_word' id='word_1_12' title='bbox 218 437 384 478; x_wconf 77' lang='lat' dir='ltr'><strong>cundum</strong></span> <span class='ocrx_word' id='word_1_13' title='bbox 415 444 540 478; x_wconf 83' lang='lat' dir='ltr'><strong>autem</strong></span> <span class='ocrx_word' id='word_1_14' title='bbox 570 449 616 477; x_wconf 82' lang='lat' dir='ltr'><strong>ea</strong></span> <span class='ocrx_word' id='word_1_15' title='bbox 644 438 767 488; x_wconf 76' lang='lat' dir='ltr'><strong>spatia</strong></span> <span class='ocrx_word' id='word_1_16' title='bbox 796 435 847 476; x_wconf 82' lang='lat' dir='ltr'><strong>ad</strong></span> <span class='ocrx_word' id='word_1_17' title='bbox 877 442 1037 475; x_wconf 82' lang='lat' dir='ltr'><strong>ornatus</strong></span> <span class='ocrx_word' id='word_1_18' title='bbox 1082 443 1316 488; x_wconf 79' lang='lat' dir='ltr'><strong>comparata,</strong></span> <span class='ocrx_word' id='word_1_19' title='bbox 1361 450 1454 489; x_wconf 82' lang='lat' dir='ltr'><strong>quae</strong></span> <span class='ocrx_word' id='word_1_20' title='bbox 1495 437 1578 477; x_wconf 88' lang='lat' dir='ltr'><strong>loca</strong></span> <span class='ocrx_word' id='word_1_21' title='bbox 1612 436 1750 476; x_wconf 72' lang='lat' dir='ltr'><strong>Graeci</strong></span> 
     </span>
     <span class='ocr_line' id='line_1_4' title="bbox 217 503 1746 559; baseline -0.002 -13"><span class='ocrx_word' id='word_1_22' title='bbox 217 503 480 559; x_wconf 80' lang='grc' dir='ltr'><strong><em>περιάκτους</em></strong></span> <span class='ocrx_word' id='word_1_23' title='bbox 510 506 638 545; x_wconf 78' lang='lat' dir='ltr'><strong>dicunt</strong></span> <span class='ocrx_word' id='word_1_24' title='bbox 664 505 711 544; x_wconf 84' lang='lat' dir='ltr'><strong>ab</strong></span> <span class='ocrx_word' id='word_1_25' title='bbox 740 516 793 551; x_wconf 85' lang='lat' dir='ltr'><strong>eo,</strong></span> <span class='ocrx_word' id='word_1_26' title='bbox 823 503 923 555; x_wconf 83' lang='lat' dir='ltr'><strong>quod</strong></span> <span class='ocrx_word' id='word_1_27' title='bbox 950 503 1148 543; x_wconf 78' lang='lat' dir='ltr'><em>machinae</em></span> <span class='ocrx_word' id='word_1_28' title='bbox 1177 511 1264 543; x_wconf 84' lang='lat' dir='ltr'><strong>sunt</strong></span> <span class='ocrx_word' id='word_1_29' title='bbox 1291 507 1333 544; x_wconf 79' lang='lat' dir='ltr'><strong>in</strong></span> <span class='ocrx_word' id='word_1_30' title='bbox 1361 507 1409 545; x_wconf 73' lang='lat' dir='ltr'><strong>iis</strong></span> <span class='ocrx_word' id='word_1_31' title='bbox 1430 506 1520 545; x_wconf 80' lang='lat' dir='ltr'><strong>locis</strong></span> <span class='ocrx_word' id='word_1_32' title='bbox 1548 505 1746 558; x_wconf 76' lang='lat' dir='ltr'><strong>versatiles</strong></span> 
     </span>
     <span class='ocr_line' id='line_1_5' title="bbox 218 571 1747 627; baseline -0.001 -13"><span class='ocrx_word' id='word_1_33' title='bbox 218 577 399 627; x_wconf 70' lang='lat' dir='ltr'><strong>trt‘yonae,</strong></span> <span class='ocrx_word' id='word_1_34' title='bbox 431 573 605 613; x_wconf 79' lang='lat' dir='ltr'><strong>habentes</strong></span> <span class='ocrx_word' id='word_1_35' title='bbox 633 575 674 611; x_wconf 81' lang='lat' dir='ltr'><strong>in</strong></span> <span class='ocrx_word' id='word_1_36' title='bbox 702 571 854 624; x_wconf 64' lang='lat' dir='ltr'><strong>singula</strong></span> <span class='ocrx_word' id='word_1_37' title='bbox 882 578 959 611; x_wconf 80' lang='lat' dir='ltr'><strong>tres</strong></span> <span class='ocrx_word' id='word_1_38' title='bbox 988 573 1123 623; x_wconf 80' lang='lat' dir='ltr'><strong>species</strong></span> <span class='ocrx_word' id='word_1_39' title='bbox 1152 574 1380 618; x_wconf 70' lang='lat' dir='ltr'><strong>ornationis,</strong></span> <span class='ocrx_word' id='word_1_40' title='bbox 1422 585 1516 625; x_wconf 85' lang='lat' dir='ltr'><strong>qnae</strong></span> <span class='ocrx_word' id='word_1_41' title='bbox 1553 586 1641 612; x_wconf 85' lang='lat' dir='ltr'><strong>cum</strong></span> <span class='ocrx_word' id='word_1_42' title='bbox 1679 580 1747 613; x_wconf 84' lang='lat' dir='ltr'><strong>aut</strong></span> 
     </span>
     <span class='ocr_line' id='line_1_6' title="bbox 218 639 1746 694; baseline -0.001 -12"><span class='ocrx_word' id='word_1_43' title='bbox 218 642 448 694; x_wconf 83' lang='lat' dir='ltr'><strong>fabularum</strong></span> <span class='ocrx_word' id='word_1_44' title='bbox 476 643 702 681; x_wconf 79' lang='lat' dir='ltr'><strong>mutationes</strong></span> <span class='ocrx_word' id='word_1_45' title='bbox 731 645 820 679; x_wconf 82' lang='lat' dir='ltr'><strong>sunt</strong></span> <span class='ocrx_word' id='word_1_46' title='bbox 847 641 1024 692; x_wconf 81' lang='lat' dir='ltr'><strong>suturae,</strong></span> <span class='ocrx_word' id='word_1_47' title='bbox 1056 651 1122 678; x_wconf 84' lang='lat' dir='ltr'><strong>seu</strong></span> <span class='ocrx_word' id='word_1_48' title='bbox 1153 639 1310 679; x_wconf 86' lang='lat' dir='ltr'><strong>deorum</strong></span> <span class='ocrx_word' id='word_1_49' title='bbox 1340 653 1426 680; x_wconf 83' lang='lat' dir='ltr'><strong>cum</strong></span> <span class='ocrx_word' id='word_1_50' title='bbox 1454 641 1654 680; x_wconf 78' lang='lat' dir='ltr'><em>tonitribus</em></span> <span class='ocrx_word' id='word_1_51' title='bbox 1682 653 1746 681; x_wconf 87' lang='lat' dir='ltr'><strong>re-</strong></span> 
     </span>
     <span class='ocr_line' id='line_1_7' title="bbox 214 709 1548 763; baseline -0.001 -13"><span class='ocrx_word' id='word_1_52' title='bbox 214 713 391 763; x_wconf 79' lang='lat' dir='ltr'><strong>pentinis,</strong></span> <span class='ocrx_word' id='word_1_53' title='bbox 423 716 622 750; x_wconf 82' lang='lat' dir='ltr'><strong>versentur</strong></span> <span class='ocrx_word' id='word_1_54' title='bbox 649 714 864 760; x_wconf 77' lang='lat' dir='ltr'><em>mutentque</em></span> <span class='ocrx_word' id='word_1_55' title='bbox 894 710 1051 760; x_wconf 83' lang='lat' dir='ltr'><strong>speciem</strong></span> <span class='ocrx_word' id='word_1_56' title='bbox 1081 709 1292 748; x_wconf 77' lang='lat' dir='ltr'><strong>ornationis</strong></span> <span class='ocrx_word' id='word_1_57' title='bbox 1319 711 1360 748; x_wconf 83' lang='lat' dir='ltr'><strong>in</strong></span> <span class='ocrx_word' id='word_1_58' title='bbox 1389 711 1548 760; x_wconf 85' lang='lat' dir='ltr'><strong>frontes.</strong></span> 
     </span>
    </p>

    <p class='ocr_par' dir='ltr' id='par_1_3' title="bbox 199 775 1748 1579">
     <span class='ocr_line' id='line_1_8' title="bbox 199 775 1746 830; baseline -0.001 -12"><span class='ocrx_word' id='word_1_59' title='bbox 199 825 201 827; x_wconf 23' lang='lat'>¹</span> <span class='ocrx_word' id='word_1_60' title='bbox 329 778 465 830; x_wconf 86' lang='lat' dir='ltr'><em>Neque</em></span> <span class='ocrx_word' id='word_1_61' title='bbox 495 790 587 817; x_wconf 87' lang='lat' dir='ltr'><strong>vero</strong></span> <span class='ocrx_word' id='word_1_62' title='bbox 619 777 801 828; x_wconf 84' lang='lat' dir='ltr'><strong>exiguum</strong></span> <span class='ocrx_word' id='word_1_63' title='bbox 833 781 916 816; x_wconf 86' lang='lat' dir='ltr'><strong>erat</strong></span> <span class='ocrx_word' id='word_1_64' title='bbox 946 776 1034 822; x_wconf 90' lang='lat' dir='ltr'><strong>hoc,</strong></span> <span class='ocrx_word' id='word_1_65' title='bbox 1065 775 1169 827; x_wconf 87' lang='lat' dir='ltr'><strong>quod</strong></span> <span class='ocrx_word' id='word_1_66' title='bbox 1201 776 1390 828; x_wconf 84' lang='lat' dir='ltr'><strong>Aeschylo</strong></span> <span class='ocrx_word' id='word_1_67' title='bbox 1435 776 1637 823; x_wconf 81' lang='lat' dir='ltr'><strong>tribuitur,</strong></span> <span class='ocrx_word' id='word_1_68' title='bbox 1681 778 1746 817; x_wconf 90' lang='lat' dir='ltr'><strong>in-</strong></span> 
     </span>
     <span class='ocr_line' id='line_1_9' title="bbox 217 844 1746 898; baseline 0 -13"><span class='ocrx_word' id='word_1_69' title='bbox 217 851 393 887; x_wconf 86' lang='lat' dir='ltr'><strong>ventum.</strong></span> <span class='ocrx_word' id='word_1_70' title='bbox 452 845 686 897; x_wconf 82' lang='lat' dir='ltr'><strong>Magnopere</strong></span> <span class='ocrx_word' id='word_1_71' title='bbox 718 844 824 884; x_wconf 91' lang='lat' dir='ltr'><strong>enim</strong></span> <span class='ocrx_word' id='word_1_72' title='bbox 857 850 969 884; x_wconf 90' lang='lat' dir='ltr'><strong>aucta</strong></span> <span class='ocrx_word' id='word_1_73' title='bbox 1000 850 1058 883; x_wconf 88' lang='lat' dir='ltr'><strong>est</strong></span> <span class='ocrx_word' id='word_1_74' title='bbox 1088 856 1134 883; x_wconf 87' lang='lat' dir='ltr'><strong>eo</strong></span> <span class='ocrx_word' id='word_1_75' title='bbox 1165 855 1331 884; x_wconf 83' lang='lat' dir='ltr'><em>scaenae</em></span> <span class='ocrx_word' id='word_1_76' title='bbox 1374 851 1584 897; x_wconf 87' lang='lat' dir='ltr'><strong>apparatus</strong></span> <span class='ocrx_word' id='word_1_77' title='bbox 1629 851 1746 898; x_wconf 89' lang='lat' dir='ltr'><strong>atque</strong></span> 
     </span>
     <span class='ocr_line' id='line_1_10' title="bbox 215 912 1744 967; baseline -0.001 -13"><span class='ocrx_word' id='word_1_78' title='bbox 215 913 479 967; x_wconf 86' lang='lat' dir='ltr'><strong>pulchritudo.</strong></span> <span class='ocrx_word' id='word_1_79' title='bbox 539 913 638 952; x_wconf 89' lang='lat' dir='ltr'><strong>Nam</strong></span> <span class='ocrx_word' id='word_1_80' title='bbox 670 917 714 952; x_wconf 86' lang='lat' dir='ltr'><strong>ut</strong></span> <span class='ocrx_word' id='word_1_81' title='bbox 743 917 901 964; x_wconf 84' lang='lat' dir='ltr'><strong>poterat</strong></span> <span class='ocrx_word' id='word_1_82' title='bbox 929 912 1006 952; x_wconf 89' lang='lat' dir='ltr'><strong>iam</strong></span> <span class='ocrx_word' id='word_1_83' title='bbox 1037 913 1245 964; x_wconf 88' lang='lat' dir='ltr'><strong>templum,</strong></span> <span class='ocrx_word' id='word_1_84' title='bbox 1276 913 1392 964; x_wconf 81' lang='lat' dir='ltr'><strong>regia,</strong></span> <span class='ocrx_word' id='word_1_85' title='bbox 1424 913 1598 965; x_wconf 87' lang='lat' dir='ltr'><strong>privatae</strong></span> <span class='ocrx_word' id='word_1_86' title='bbox 1629 915 1744 953; x_wconf 87' lang='lat' dir='ltr'><strong>aedes</strong></span> 
     </span>
     <span class='ocr_line' id='line_1_11' title="bbox 216 980 1746 1033; baseline 0 -12"><span class='ocrx_word' id='word_1_87' title='bbox 216 982 282 1022; x_wconf 90' lang='lat' dir='ltr'><strong>ubi</strong></span> <span class='ocrx_word' id='word_1_88' title='bbox 313 982 410 1022; x_wconf 82' lang='lat' dir='ltr'><strong>sitae</strong></span> <span class='ocrx_word' id='word_1_89' title='bbox 441 987 577 1022; x_wconf 89' lang='lat' dir='ltr'><strong>essent</strong></span> <span class='ocrx_word' id='word_1_90' title='bbox 606 981 826 1021; x_wconf 86' lang='lat' dir='ltr'><strong>accuratius</strong></span> <span class='ocrx_word' id='word_1_91' title='bbox 857 980 1078 1032; x_wconf 82' lang='lat' dir='ltr'><strong>significari,</strong></span> <span class='ocrx_word' id='word_1_92' title='bbox 1123 980 1180 1020; x_wconf 92' lang='lat' dir='ltr'><strong>sic</strong></span> <span class='ocrx_word' id='word_1_93' title='bbox 1209 980 1327 1020; x_wconf 86' lang='lat' dir='ltr'><strong>etiam</strong></span> <span class='ocrx_word' id='word_1_94' title='bbox 1357 981 1478 1033; x_wconf 89' lang='lat' dir='ltr'><strong>ipsius</strong></span> <span class='ocrx_word' id='word_1_95' title='bbox 1510 994 1673 1021; x_wconf 90' lang='lat' dir='ltr'><strong>scaenae</strong></span> <span class='ocrx_word' id='word_1_96' title='bbox 1704 982 1746 1021; x_wconf 90' lang='lat' dir='ltr'><strong>in</strong></span> 
     </span>
     <span class='ocr_line' id='line_1_12' title="bbox 216 1048 1744 1102; baseline 0.001 -13"><span class='ocrx_word' id='word_1_97' title='bbox 216 1049 379 1102; x_wconf 86' lang='lat' dir='ltr'><strong>singulis</strong></span> <span class='ocrx_word' id='word_1_98' title='bbox 410 1049 618 1102; x_wconf 87' lang='lat' dir='ltr'><strong>tragoediis</strong></span> <span class='ocrx_word' id='word_1_99' title='bbox 650 1049 794 1089; x_wconf 89' lang='lat' dir='ltr'><strong>mutari</strong></span> <span class='ocrx_word' id='word_1_100' title='bbox 823 1049 953 1089; x_wconf 87' lang='lat' dir='ltr'><strong>facies.</strong></span> <span class='ocrx_word' id='word_1_101' title='bbox 1013 1048 1055 1088; x_wconf 90' lang='lat' dir='ltr'><strong>Id</strong></span> <span class='ocrx_word' id='word_1_102' title='bbox 1101 1049 1206 1101; x_wconf 89' lang='lat' dir='ltr'><strong>quod</strong></span> <span class='ocrx_word' id='word_1_103' title='bbox 1242 1048 1387 1089; x_wconf 87' lang='lat' dir='ltr'><strong>factum</strong></span> <span class='ocrx_word' id='word_1_104' title='bbox 1434 1062 1519 1089; x_wconf 88' lang='lat' dir='ltr'><strong>esse</strong></span> <span class='ocrx_word' id='word_1_105' title='bbox 1563 1050 1744 1090; x_wconf 83' lang='lat' dir='ltr'><strong>videmus</strong></span> 
     </span>
     <span class='ocr_line' id='line_1_13' title="bbox 213 1116 1744 1169; baseline -0.001 -12"><span class='ocrx_word' id='word_1_106' title='bbox 213 1118 256 1157; x_wconf 89' lang='lat' dir='ltr'><strong>in</strong></span> <span class='ocrx_word' id='word_1_107' title='bbox 286 1117 463 1169; x_wconf 84' lang='lat' dir='ltr'><strong>Aeschyli</strong></span> <span class='ocrx_word' id='word_1_108' title='bbox 492 1116 876 1163; x_wconf 87' lang='lat' dir='ltr'><strong>Eumenidibus‚</strong></span> <span class='ocrx_word' id='word_1_109' title='bbox 907 1116 976 1156; x_wconf 92' lang='lat' dir='ltr'><strong>ubi</strong></span> <span class='ocrx_word' id='word_1_110' title='bbox 1006 1129 1096 1156; x_wconf 89' lang='lat' dir='ltr'><strong>cum</strong></span> <span class='ocrx_word' id='word_1_111' title='bbox 1127 1118 1301 1169; x_wconf 90' lang='lat' dir='ltr'><strong>primum</strong></span> <span class='ocrx_word' id='word_1_112' title='bbox 1347 1117 1486 1158; x_wconf 84' lang='lat' dir='ltr'><strong>fuisset</strong></span> <span class='ocrx_word' id='word_1_113' title='bbox 1531 1130 1671 1158; x_wconf 85' lang='lat' dir='ltr'><strong>scaena</strong></span> <span class='ocrx_word' id='word_1_114' title='bbox 1703 1118 1744 1157; x_wconf 87' lang='lat' dir='ltr'><strong>in</strong></span> 
     </span>
     <span class='ocr_line' id='line_1_14' title="bbox 215 1183 1745 1238; baseline 0 -12"><span class='ocrx_word' id='word_1_115' title='bbox 215 1186 362 1238; x_wconf 89' lang='lat' dir='ltr'><strong>templo</strong></span> <span class='ocrx_word' id='word_1_116' title='bbox 402 1185 595 1238; x_wconf 86' lang='lat' dir='ltr'><strong>Apollinis</strong></span> <span class='ocrx_word' id='word_1_117' title='bbox 641 1183 877 1236; x_wconf 89' lang='lat' dir='ltr'><strong>Delphico¹),</strong></span> <span class='ocrx_word' id='word_1_118' title='bbox 923 1185 1066 1225; x_wconf 90' lang='lat' dir='ltr'><strong>deinde</strong></span> <span class='ocrx_word' id='word_1_119' title='bbox 1113 1191 1354 1238; x_wconf 85' lang='lat' dir='ltr'><strong>spectatores</strong></span> <span class='ocrx_word' id='word_1_120' title='bbox 1398 1186 1661 1226; x_wconf 86' lang='lat' dir='ltr'><strong>traducuntur</strong></span> <span class='ocrx_word' id='word_1_121' title='bbox 1704 1186 1745 1225; x_wconf 91' lang='lat' dir='ltr'><strong>in</strong></span> 
     </span>
     <span class='ocr_line' id='line_1_15' title="bbox 215 1252 1748 1307; baseline -0.001 -13"><span class='ocrx_word' id='word_1_122' title='bbox 215 1254 414 1294; x_wconf 88' lang='lat' dir='ltr'><strong>Minervae</strong></span> <span class='ocrx_word' id='word_1_123' title='bbox 443 1253 636 1305; x_wconf 86' lang='lat' dir='ltr'><strong>templum</strong></span> <span class='ocrx_word' id='word_1_124' title='bbox 668 1252 957 1304; x_wconf 76' lang='lat' dir='ltr'><strong>Atheniense2).</strong></span> <span class='ocrx_word' id='word_1_125' title='bbox 1019 1253 1131 1300; x_wconf 86' lang='lat' dir='ltr'><strong>Quod</strong></span> <span class='ocrx_word' id='word_1_126' title='bbox 1164 1259 1207 1293; x_wconf 90' lang='lat' dir='ltr'><strong>ut</strong></span> <span class='ocrx_word' id='word_1_127' title='bbox 1237 1255 1362 1300; x_wconf 85' lang='lat' dir='ltr'><strong>fieret,</strong></span> <span class='ocrx_word' id='word_1_128' title='bbox 1403 1266 1485 1294; x_wconf 91' lang='lat' dir='ltr'><strong>non</strong></span> <span class='ocrx_word' id='word_1_129' title='bbox 1517 1267 1618 1307; x_wconf 91' lang='lat' dir='ltr'><strong>opus</strong></span> <span class='ocrx_word' id='word_1_130' title='bbox 1662 1260 1748 1294; x_wconf 88' lang='lat' dir='ltr'><strong>erat</strong></span> 
     </span>
     <span class='ocr_line' id='line_1_16' title="bbox 217 1321 1745 1367; baseline 0 -5"><span class='ocrx_word' id='word_1_131' title='bbox 217 1327 370 1362; x_wconf 87' lang='lat' dir='ltr'><strong>mutare</strong></span> <span class='ocrx_word' id='word_1_132' title='bbox 405 1333 588 1362; x_wconf 83' lang='lat' dir='ltr'><strong>scaenam</strong></span> <span class='ocrx_word' id='word_1_133' title='bbox 625 1321 824 1367; x_wconf 83' lang='lat' dir='ltr'><strong>ductilem,</strong></span> <span class='ocrx_word' id='word_1_134' title='bbox 857 1334 945 1361; x_wconf 88' lang='lat' dir='ltr'><strong>cum</strong></span> <span class='ocrx_word' id='word_1_135' title='bbox 968 1322 1061 1361; x_wconf 90' lang='lat' dir='ltr'><strong>satis</strong></span> <span class='ocrx_word' id='word_1_136' title='bbox 1093 1327 1201 1362; x_wconf 88' lang='lat' dir='ltr'><strong>esset</strong></span> <span class='ocrx_word' id='word_1_137' title='bbox 1230 1328 1384 1362; x_wconf 89' lang='lat' dir='ltr'><strong>mutare</strong></span> <span class='ocrx_word' id='word_1_138' title='bbox 1406 1323 1486 1362; x_wconf 89' lang='lat' dir='ltr'><strong>sive</strong></span> <span class='ocrx_word' id='word_1_139' title='bbox 1517 1323 1745 1362; x_wconf 83' lang='lat' dir='ltr'><strong>alterutram</strong></span> 
     </span>
     <span class='ocr_line' id='line_1_17' title="bbox 215 1388 1745 1443; baseline -0.001 -13"><span class='ocrx_word' id='word_1_140' title='bbox 215 1390 294 1430; x_wconf 89' lang='lat' dir='ltr'><strong>sive</strong></span> <span class='ocrx_word' id='word_1_141' title='bbox 325 1395 534 1442; x_wconf 86' lang='lat' dir='ltr'><strong>utramque</strong></span> <span class='ocrx_word' id='word_1_142' title='bbox 562 1390 792 1442; x_wconf 84' lang='lat' dir='ltr'><strong>periaetum.</strong></span> <span class='ocrx_word' id='word_1_143' title='bbox 852 1388 969 1429; x_wconf 89' lang='lat' dir='ltr'><strong>Poll.</strong></span> <span class='ocrx_word' id='word_1_144' title='bbox 1004 1389 1064 1430; x_wconf 92' lang='lat' dir='ltr'><strong>IV.</strong></span> <span class='ocrx_word' id='word_1_145' title='bbox 1100 1388 1193 1429; x_wconf 88' lang='grc'>126.</span> <span class='ocrx_word' id='word_1_146' title='bbox 1226 1395 1322 1429; x_wconf 86' lang='lat' dir='ltr'><strong>extr.</strong></span> <span class='ocrx_word' id='word_1_147' title='bbox 1369 1390 1409 1429; x_wconf 81' lang='grc' dir='ltr'><strong>εἰ</strong></span> <span class='ocrx_word' id='word_1_148' title='bbox 1454 1389 1503 1430; x_wconf 81' lang='grc' dir='ltr'><strong>δὲ</strong></span> <span class='ocrx_word' id='word_1_149' title='bbox 1533 1388 1745 1443; x_wconf 77' lang='grc' dir='ltr'><strong>ἐπιστρα-</strong></span> 
     </span>
     <span class='ocr_line' id='line_1_18' title="bbox 215 1452 1745 1512; baseline 0 -15"><span class='ocrx_word' id='word_1_150' title='bbox 215 1463 341 1510; x_wconf 76' lang='grc' dir='ltr'><em>φεῖεν</em></span> <span class='ocrx_word' id='word_1_151' title='bbox 369 1454 418 1497; x_wconf 80' lang='grc' dir='ltr'><strong>αἳ</strong></span> <span class='ocrx_word' id='word_1_152' title='bbox 447 1458 695 1511; x_wconf 80' lang='grc' dir='ltr'><strong><em>περίακτοι,</em></strong></span> <span class='ocrx_word' id='word_1_153' title='bbox 726 1452 750 1510; x_wconf 80' lang='grc' dir='ltr'><em>ἦ</em></span> <span class='ocrx_word' id='word_1_154' title='bbox 783 1455 909 1503; x_wconf 77' lang='grc' dir='ltr'><strong><em>δεξιὰ</em></strong></span> <span class='ocrx_word' id='word_1_155' title='bbox 951 1452 1034 1508; x_wconf 81' lang='grc' dir='ltr'><strong>μὲν</strong></span> <span class='ocrx_word' id='word_1_156' title='bbox 1074 1453 1248 1510; x_wconf 75' lang='grc' dir='ltr'><em>ἀμείβει</em></span> <span class='ocrx_word' id='word_1_157' title='bbox 1293 1454 1453 1498; x_wconf 84' lang='grc' dir='ltr'><em>τόπον·</em></span> <span class='ocrx_word' id='word_1_158' title='bbox 1499 1455 1745 1512; x_wconf 78' lang='grc' dir='ltr'><strong><em>ἀμφότεραι</em></strong></span> 
     </span>
     <span class='ocr_line' id='line_1_19' title="bbox 215 1522 808 1579; baseline -0.002 -14"><span class='ocrx_word' id='word_1_159' title='bbox 215 1524 265 1565; x_wconf 78' lang='grc' dir='ltr'><strong>δὲ</strong></span> <span class='ocrx_word' id='word_1_160' title='bbox 292 1523 438 1579; x_wconf 77' lang='grc' dir='ltr'><em>χώραν</em></span> <span class='ocrx_word' id='word_1_161' title='bbox 466 1522 808 1566; x_wconf 76' lang='grc' dir='ltr'><strong><em>ὑπαλλάττουσι.</em></strong></span> 
     </span>
    </p>

    <p class='ocr_par' dir='ltr' id='par_1_4' title="bbox 212 1593 1748 2536">
     <span class='ocr_line' id='line_1_20' title="bbox 327 1593 1745 1646; baseline -0.001 -11"><span class='ocrx_word' id='word_1_162' title='bbox 327 1593 532 1646; x_wconf 86' lang='lat' dir='ltr'><strong>Pergimus</strong></span> <span class='ocrx_word' id='word_1_163' title='bbox 562 1595 608 1634; x_wconf 93' lang='lat' dir='ltr'><strong>ad</strong></span> <span class='ocrx_word' id='word_1_164' title='bbox 640 1594 979 1646; x_wconf 87' lang='lat' dir='ltr'><strong>parascaenia.</strong></span> <span class='ocrx_word' id='word_1_165' title='bbox 1039 1595 1148 1642; x_wconf 86' lang='lat' dir='ltr'><strong>Quae</strong></span> <span class='ocrx_word' id='word_1_166' title='bbox 1179 1599 1219 1633; x_wconf 86' lang='lat' dir='ltr'><strong>et</strong></span> <span class='ocrx_word' id='word_1_167' title='bbox 1263 1595 1356 1646; x_wconf 90' lang='lat' dir='ltr'><strong>quid</strong></span> <span class='ocrx_word' id='word_1_168' title='bbox 1404 1594 1552 1634; x_wconf 89' lang='lat' dir='ltr'><strong>fuerint</strong></span> <span class='ocrx_word' id='word_1_169' title='bbox 1596 1599 1635 1634; x_wconf 90' lang='lat' dir='ltr'><strong>et</strong></span> <span class='ocrx_word' id='word_1_170' title='bbox 1679 1595 1745 1634; x_wconf 93' lang='lat' dir='ltr'><strong>ubi</strong></span> 
     </span>
     <span class='ocr_line' id='line_1_21' title="bbox 212 1661 1745 1716; baseline -0.001 -13"><span class='ocrx_word' id='word_1_171' title='bbox 212 1663 362 1703; x_wconf 86' lang='lat' dir='ltr'><strong>fuerint</strong></span> <span class='ocrx_word' id='word_1_172' title='bbox 392 1662 524 1702; x_wconf 86' lang='lat' dir='ltr'><strong>minus</strong></span> <span class='ocrx_word' id='word_1_173' title='bbox 555 1667 616 1701; x_wconf 89' lang='lat' dir='ltr'><strong>est</strong></span> <span class='ocrx_word' id='word_1_174' title='bbox 643 1662 904 1714; x_wconf 90' lang='lat' dir='ltr'><strong>perspicuum.</strong></span> <span class='ocrx_word' id='word_1_175' title='bbox 953 1661 1030 1701; x_wconf 89' lang='lat' dir='ltr'><em>Sed</em></span> <span class='ocrx_word' id='word_1_176' title='bbox 1060 1667 1205 1710; x_wconf 88' lang='lat' dir='ltr'><strong>tamen,</strong></span> <span class='ocrx_word' id='word_1_177' title='bbox 1237 1663 1357 1702; x_wconf 90' lang='lat' dir='ltr'><strong>modo</strong></span> <span class='ocrx_word' id='word_1_178' title='bbox 1388 1667 1608 1709; x_wconf 83' lang='lat' dir='ltr'><strong>teneamus,</strong></span> <span class='ocrx_word' id='word_1_179' title='bbox 1639 1664 1745 1716; x_wconf 88' lang='lat' dir='ltr'><strong>quod</strong></span> 
     </span>
     <span class='ocr_line' id='line_1_22' title="bbox 213 1729 1746 1784; baseline -0.001 -12"><span class='ocrx_word' id='word_1_180' title='bbox 213 1744 331 1784; x_wconf 87' lang='lat' dir='ltr'><strong>supra</strong></span> <span class='ocrx_word' id='word_1_181' title='bbox 363 1731 599 1777; x_wconf 85' lang='lat' dir='ltr'><strong>dixeramus,</strong></span> <span class='ocrx_word' id='word_1_182' title='bbox 631 1730 744 1770; x_wconf 84' lang='lat' dir='ltr'><strong>aliam</strong></span> <span class='ocrx_word' id='word_1_183' title='bbox 775 1730 860 1770; x_wconf 90' lang='lat' dir='ltr'><strong>aliis</strong></span> <span class='ocrx_word' id='word_1_184' title='bbox 891 1729 1141 1782; x_wconf 85' lang='lat' dir='ltr'><strong>temporibus</strong></span> <span class='ocrx_word' id='word_1_185' title='bbox 1172 1731 1298 1770; x_wconf 87' lang='lat' dir='ltr'><strong>fuisse</strong></span> <span class='ocrx_word' id='word_1_186' title='bbox 1329 1731 1571 1783; x_wconf 85' lang='lat' dir='ltr'><strong>singulorum</strong></span> <span class='ocrx_word' id='word_1_187' title='bbox 1618 1733 1658 1772; x_wconf 86' lang='lat' dir='ltr'><strong>in</strong></span> <span class='ocrx_word' id='word_1_188' title='bbox 1702 1744 1746 1771; x_wconf 89' lang='lat' dir='ltr'><strong>re</strong></span> 
     </span>
     <span class='ocr_line' id='line_1_23' title="bbox 216 1798 1745 1852; baseline -0.001 -12"><span class='ocrx_word' id='word_1_189' title='bbox 216 1799 391 1840; x_wconf 85' lang='lat' dir='ltr'><strong>scaenica</strong></span> <span class='ocrx_word' id='word_1_190' title='bbox 423 1798 703 1839; x_wconf 84' lang='lat' dir='ltr'><strong>vocabulorum</strong></span> <span class='ocrx_word' id='word_1_191' title='bbox 736 1799 814 1838; x_wconf 90' lang='lat' dir='ltr'><strong>vim</strong></span> <span class='ocrx_word' id='word_1_192' title='bbox 844 1803 962 1851; x_wconf 90' lang='lat' dir='ltr'><strong>atque</strong></span> <span class='ocrx_word' id='word_1_193' title='bbox 993 1798 1338 1850; x_wconf 76' lang='lat' dir='ltr'><strong>significationem,</strong></span> <span class='ocrx_word' id='word_1_194' title='bbox 1371 1812 1516 1851; x_wconf 87' lang='lat' dir='ltr'><strong>eaeque</strong></span> <span class='ocrx_word' id='word_1_195' title='bbox 1546 1801 1745 1852; x_wconf 89' lang='lat' dir='ltr'><strong>quomodo</strong></span> 
     </span>
     <span class='ocr_line' id='line_1_24' title="bbox 215 1867 1746 1920; baseline 0.001 -13"><span class='ocrx_word' id='word_1_196' title='bbox 215 1868 400 1919; x_wconf 84' lang='lat' dir='ltr'><strong>deinceps</strong></span> <span class='ocrx_word' id='word_1_197' title='bbox 431 1880 473 1907; x_wconf 89' lang='lat' dir='ltr'><strong>se</strong></span> <span class='ocrx_word' id='word_1_198' title='bbox 504 1867 729 1918; x_wconf 86' lang='lat' dir='ltr'><strong>exceperint</strong></span> <span class='ocrx_word' id='word_1_199' title='bbox 759 1867 988 1907; x_wconf 85' lang='lat' dir='ltr'><strong>studeamus</strong></span> <span class='ocrx_word' id='word_1_200' title='bbox 1019 1867 1215 1919; x_wconf 82' lang='lat' dir='ltr'><strong>indagare,</strong></span> <span class='ocrx_word' id='word_1_201' title='bbox 1245 1868 1395 1918; x_wconf 87' lang='lat' dir='ltr'><strong>sperari</strong></span> <span class='ocrx_word' id='word_1_202' title='bbox 1426 1874 1566 1920; x_wconf 83' lang='lat' dir='ltr'><strong>potest,</strong></span> <span class='ocrx_word' id='word_1_203' title='bbox 1599 1868 1632 1908; x_wconf 91' lang='lat' dir='ltr'><strong>si</strong></span> <span class='ocrx_word' id='word_1_204' title='bbox 1663 1881 1746 1908; x_wconf 87' lang='lat' dir='ltr'><strong>non</strong></span> 
     </span>
     <span class='ocr_line' id='line_1_25' title="bbox 216 1935 1746 1988; baseline 0 -12"><span class='ocrx_word' id='word_1_205' title='bbox 216 1937 338 1982; x_wconf 89' lang='lat' dir='ltr'><strong>omni,</strong></span> <span class='ocrx_word' id='word_1_206' title='bbox 369 1942 408 1976; x_wconf 81' lang='lat' dir='ltr'><strong>at</strong></span> <span class='ocrx_word' id='word_1_207' title='bbox 437 1935 566 1988; x_wconf 89' lang='lat' dir='ltr'><strong>aliqua</strong></span> <span class='ocrx_word' id='word_1_208' title='bbox 598 1941 703 1975; x_wconf 87' lang='lat' dir='ltr'><strong>certe</strong></span> <span class='ocrx_word' id='word_1_209' title='bbox 734 1948 780 1975; x_wconf 92' lang='lat' dir='ltr'><strong>ex</strong></span> <span class='ocrx_word' id='word_1_210' title='bbox 810 1941 922 1987; x_wconf 86' lang='lat' dir='ltr'><strong>parte</strong></span> <span class='ocrx_word' id='word_1_211' title='bbox 952 1947 1040 1974; x_wconf 89' lang='lat' dir='ltr'><strong>rem</strong></span> <span class='ocrx_word' id='word_1_212' title='bbox 1073 1935 1322 1975; x_wconf 81' lang='lat' dir='ltr'><strong>illustratum</strong></span> <span class='ocrx_word' id='word_1_213' title='bbox 1352 1935 1413 1975; x_wconf 89' lang='lat' dir='ltr'><strong>iri.</strong></span> <span class='ocrx_word' id='word_1_214' title='bbox 1473 1937 1522 1976; x_wconf 86' lang='lat' dir='ltr'><strong>Et</strong></span> <span class='ocrx_word' id='word_1_215' title='bbox 1552 1937 1746 1988; x_wconf 76' lang='lat' dir='ltr'><strong>antiquis-</strong></span> 
     </span>
     <span class='ocr_line' id='line_1_26' title="bbox 217 1992 1748 2057; baseline 0.001 -13"><span class='ocrx_word' id='word_1_216' title='bbox 217 1992 344 2044; x_wconf 74' lang='lat' dir='ltr'><strong>simus</strong></span> <span class='ocrx_word' id='word_1_217' title='bbox 375 2004 534 2057; x_wconf 90' lang='lat' dir='ltr'><strong>quidem</strong></span> <span class='ocrx_word' id='word_1_218' title='bbox 566 2004 686 2050; x_wconf 89' lang='lat' dir='ltr'><strong>locus,</strong></span> <span class='ocrx_word' id='word_1_219' title='bbox 716 2004 759 2043; x_wconf 89' lang='lat' dir='ltr'><strong>in</strong></span> <span class='ocrx_word' id='word_1_220' title='bbox 790 2016 867 2056; x_wconf 91' lang='lat' dir='ltr'><strong>quo</strong></span> <span class='ocrx_word' id='word_1_221' title='bbox 908 2003 1236 2056; x_wconf 87' lang='lat' dir='ltr'><strong>parascaenia</strong></span> <span class='ocrx_word' id='word_1_222' title='bbox 1280 2010 1655 2052; x_wconf 88' lang='lat' dir='ltr'><strong>commemorantur,</strong></span> <span class='ocrx_word' id='word_1_223' title='bbox 1688 2012 1748 2045; x_wconf 89' lang='lat' dir='ltr'><strong>est</strong></span> 
     </span>
     <span class='ocr_line' id='line_1_27' title="bbox 214 2063 1744 2126; baseline -0.001 -13"><span class='ocrx_word' id='word_1_224' title='bbox 214 2073 567 2113; x_wconf 87' lang='lat' dir='ltr'><strong>Demosthenis</strong></span> <span class='ocrx_word' id='word_1_225' title='bbox 597 2073 647 2112; x_wconf 91' lang='lat' dir='ltr'><strong>in</strong></span> <span class='ocrx_word' id='word_1_226' title='bbox 677 2072 781 2111; x_wconf 87' lang='lat' dir='ltr'><strong>Mid.</strong></span> <span class='ocrx_word' id='word_1_227' title='bbox 816 2084 848 2111; x_wconf 89' lang='lat' dir='ltr'><strong>c.</strong></span> <span class='ocrx_word' id='word_1_228' title='bbox 882 2072 907 2117; x_wconf 86' lang='lat'><strong>7</strong></span> <span class='ocrx_word' id='word_1_229' title='bbox 938 2084 976 2123; x_wconf 91' lang='lat' dir='ltr'><strong>p.</strong></span> <span class='ocrx_word' id='word_1_230' title='bbox 1010 2071 1105 2111; x_wconf 84' lang='lat'><strong>520.</strong></span> <span class='ocrx_word' id='word_1_231' title='bbox 1136 2071 1164 2110; x_wconf 85' lang='lat' dir='ltr'><strong>f.</strong></span> <span class='ocrx_word' id='word_1_232' title='bbox 1197 2070 1270 2110; x_wconf 84' lang='grc' dir='ltr'><strong>καὶ</strong></span> <span class='ocrx_word' id='word_1_233' title='bbox 1293 2063 1392 2111; x_wconf 70' lang='lat' dir='ltr'><em>ov&#39;d’</em></span> <span class='ocrx_word' id='word_1_234' title='bbox 1424 2070 1611 2112; x_wconf 68' lang='grc' dir='ltr'><strong>ἐνταῦθ’</strong></span> <span class='ocrx_word' id='word_1_235' title='bbox 1644 2070 1744 2126; x_wconf 80' lang='grc' dir='ltr'><em>ἔστη</em></span> 
     </span>
     <span class='ocr_line' id='line_1_28' title="bbox 213 2135 1746 2194; baseline 0 -14"><span class='ocrx_word' id='word_1_236' title='bbox 213 2140 288 2194; x_wconf 85' lang='grc' dir='ltr'><strong>τῆς</strong></span> <span class='ocrx_word' id='word_1_237' title='bbox 318 2136 497 2193; x_wconf 81' lang='grc' dir='ltr'><strong><em>ὕβρεως,</em></strong></span> <span class='ocrx_word' id='word_1_238' title='bbox 530 2136 643 2180; x_wconf 78' lang='grc' dir='ltr'><em>ἀλλὰ</em></span> <span class='ocrx_word' id='word_1_239' title='bbox 671 2139 882 2181; x_wconf 81' lang='grc' dir='ltr'><em>τοσοῦτον</em></span> <span class='ocrx_word' id='word_1_240' title='bbox 899 2135 1029 2193; x_wconf 74' lang='grc' dir='ltr'><strong><em>,αὐτῷ’</em></strong></span> <span class='ocrx_word' id='word_1_241' title='bbox 1052 2138 1226 2192; x_wconf 78' lang='grc' dir='ltr'><strong><em>περιῆν,</em></strong></span> <span class='ocrx_word' id='word_1_242' title='bbox 1259 2135 1369 2179; x_wconf 80' lang='grc' dir='ltr'><em>ὥστε</em></span> <span class='ocrx_word' id='word_1_243' title='bbox 1398 2138 1473 2180; x_wconf 87' lang='grc' dir='ltr'><strong>τὸν</strong></span> <span class='ocrx_word' id='word_1_244' title='bbox 1494 2135 1746 2194; x_wconf 74' lang='grc' dir='ltr'><em>ἐστεφανω-</em></span> 
     </span>
     <span class='ocr_line' id='line_1_29' title="bbox 214 2205 1748 2262; baseline 0.001 -14"><span class='ocrx_word' id='word_1_245' title='bbox 214 2209 346 2262; x_wconf 83' lang='grc' dir='ltr'>μένον</span> <span class='ocrx_word' id='word_1_246' title='bbox 388 2206 576 2261; x_wconf 80' lang='grc' dir='ltr'><em>ἄρχοντα</em></span> <span class='ocrx_word' id='word_1_247' title='bbox 622 2207 875 2262; x_wconf 76' lang='grc' dir='ltr'><strong><em>διέφθειρε·</em></strong></span> <span class='ocrx_word' id='word_1_248' title='bbox 920 2205 1021 2254; x_wconf 81' lang='grc' dir='ltr'><strong>τούς</strong></span> <span class='ocrx_word' id='word_1_249' title='bbox 1064 2205 1277 2260; x_wconf 73' lang='grc' dir='ltr'><strong><em>χορηγοὺς</em></strong></span> <span class='ocrx_word' id='word_1_250' title='bbox 1322 2207 1502 2261; x_wconf 77' lang='grc' dir='ltr'><em>συνῆγεν</em></span> <span class='ocrx_word' id='word_1_251' title='bbox 1546 2206 1622 2249; x_wconf 70' lang='grc' dir='ltr'><strong>ἐπ’</strong></span> <span class='ocrx_word' id='word_1_252' title='bbox 1652 2207 1748 2262; x_wconf 20' lang='grc' dir='ltr'><strong>1,ἐμέ</strong></span> 
     </span>
     <span class='ocr_line' id='line_1_30' title="bbox 214 2262 1746 2330; baseline 0 -13"><span class='ocrx_word' id='word_1_253' title='bbox 214 2277 347 2329; x_wconf 74' lang='grc' dir='ltr'><em>βοῶν,</em></span> <span class='ocrx_word' id='word_1_254' title='bbox 381 2273 589 2324; x_wconf 76' lang='grc' dir='ltr'><em>ἀπειλῶν,</em></span> <span class='ocrx_word' id='word_1_255' title='bbox 621 2262 836 2328; x_wconf 52' lang='lat' dir='ltr'><strong>&lt;Juvenum</strong></span> <span class='ocrx_word' id='word_1_256' title='bbox 867 2274 1153 2330; x_wconf 76' lang='grc' dir='ltr'><strong><em>παρεστηκώς</em></strong></span> <span class='ocrx_word' id='word_1_257' title='bbox 1182 2282 1276 2323; x_wconf 83' lang='grc' dir='ltr'><strong><em>τοῖς</em></strong></span> <span class='ocrx_word' id='word_1_258' title='bbox 1311 2283 1499 2328; x_wconf 75' lang='grc' dir='ltr'><strong><em>κριταῖς,</em></strong></span> <span class='ocrx_word' id='word_1_259' title='bbox 1545 2276 1609 2317; x_wconf 86' lang='grc' dir='ltr'><strong>τὰ</strong></span> <span class='ocrx_word' id='word_1_260' title='bbox 1641 2291 1746 2317; x_wconf 89' lang='grc' dir='ltr'><strong>πα-</strong></span> 
     </span>
     <span class='ocr_line' id='line_1_31' title="bbox 215 2339 1744 2399; baseline 0 -15"><span class='ocrx_word' id='word_1_261' title='bbox 215 2341 490 2398; x_wconf 86' lang='grc' dir='ltr'><strong>ρασκήνια</strong></span> <span class='ocrx_word' id='word_1_262' title='bbox 527 2342 747 2398; x_wconf 75' lang='grc' dir='ltr'><strong>φράττων,</strong></span> <span class='ocrx_word' id='word_1_263' title='bbox 794 2343 1052 2398; x_wconf 76' lang='grc' dir='ltr'><em>προσηλῶν,</em></span> <span class='ocrx_word' id='word_1_264' title='bbox 1105 2339 1287 2398; x_wconf 68' lang='grc' dir='ltr'><strong><em>ἰδιώτης</em></strong></span> <span class='ocrx_word' id='word_1_265' title='bbox 1334 2342 1394 2385; x_wconf 79' lang='grc' dir='ltr'><strong>ὢν</strong></span> <span class='ocrx_word' id='word_1_266' title='bbox 1437 2344 1492 2385; x_wconf 79' lang='grc' dir='ltr'><strong>τὰ</strong></span> <span class='ocrx_word' id='word_1_267' title='bbox 1537 2343 1744 2399; x_wconf 78' lang='grc' dir='ltr'><strong><em>δημόσια,</em></strong></span> 
     </span>
     <span class='ocr_line' id='line_1_32' title="bbox 215 2408 1746 2466; baseline 0.001 -13"><span class='ocrx_word' id='word_1_268' title='bbox 215 2411 329 2453; x_wconf 79' lang='grc' dir='ltr'><em>κακὰ</em></span> <span class='ocrx_word' id='word_1_269' title='bbox 357 2411 432 2452; x_wconf 89' lang='grc' dir='ltr'><strong>καὶ</strong></span> <span class='ocrx_word' id='word_1_270' title='bbox 478 2409 717 2466; x_wconf 78' lang='grc' dir='ltr'><em>πράγματα</em></span> <span class='ocrx_word' id='word_1_271' title='bbox 762 2408 972 2466; x_wconf 74' lang='grc' dir='ltr'><em>ἀμύθητά</em></span> <span class='ocrx_word' id='word_1_272' title='bbox 1016 2426 1093 2466; x_wconf 81' lang='grc' dir='ltr'><strong>μοι</strong></span> <span class='ocrx_word' id='word_1_273' title='bbox 1138 2413 1344 2466; x_wconf 82' lang='grc' dir='ltr'><strong>παρέχων</strong></span> <span class='ocrx_word' id='word_1_274' title='bbox 1386 2412 1615 2454; x_wconf 77' lang='grc' dir='ltr'><strong><em>διετέλεσε.</em></strong></span> <span class='ocrx_word' id='word_1_275' title='bbox 1676 2415 1746 2454; x_wconf 87' lang='lat' dir='ltr'><strong>Cui</strong></span> 
     </span>
     <span class='ocr_line' id='line_1_33' title="bbox 214 2479 1745 2536; baseline 0.001 -15"><span class='ocrx_word' id='word_1_276' title='bbox 214 2481 358 2533; x_wconf 91' lang='lat' dir='ltr'><strong>aliquid</strong></span> <span class='ocrx_word' id='word_1_277' title='bbox 389 2481 487 2521; x_wconf 88' lang='lat' dir='ltr'><strong>lucis</strong></span> <span class='ocrx_word' id='word_1_278' title='bbox 518 2481 629 2521; x_wconf 82' lang='lat' dir='ltr'><strong>affert</strong></span> <span class='ocrx_word' id='word_1_279' title='bbox 660 2480 821 2521; x_wconf 89' lang='lat' dir='ltr'><strong>Schol.</strong></span> <span class='ocrx_word' id='word_1_280' title='bbox 852 2479 1057 2532; x_wconf 83' lang='lat' dir='ltr'><strong>Bavar.³)</strong></span> <span class='ocrx_word' id='word_1_281' title='bbox 1089 2479 1203 2522; x_wconf 75' lang='grc' dir='ltr'><strong><em>ἔοικε</em></strong></span> <span class='ocrx_word' id='word_1_282' title='bbox 1239 2479 1482 2522; x_wconf 76' lang='grc' dir='ltr'><strong><em>καλεῖσθαι</em></strong></span> <span class='ocrx_word' id='word_1_283' title='bbox 1514 2481 1745 2536; x_wconf 80' lang='grc' dir='ltr'><em>παρασκή-</em></span> 
     </span>
    </p>
   </div>
   <div class='ocr_carea' id='block_1_3' title="bbox 215 2618 1745 2948">
    <p class='ocr_par' dir='ltr' id='par_1_5' title="bbox 215 2618 1745 2948">
     <span class='ocr_line' id='line_1_34' title="bbox 310 2618 1111 2663; baseline 0 -11"><span class='ocrx_word' id='word_1_284' title='bbox 310 2618 333 2660; x_wconf 86' lang='lat'><strong>¹)</strong></span> <span class='ocrx_word' id='word_1_285' title='bbox 359 2619 525 2653; x_wconf 85' lang='lat' dir='ltr'><strong>Aesch.</strong></span> <span class='ocrx_word' id='word_1_286' title='bbox 551 2618 799 2652; x_wconf 90' lang='lat' dir='ltr'><strong>Eumenid.</strong></span> <span class='ocrx_word' id='word_1_287' title='bbox 825 2630 857 2652; x_wconf 84' lang='lat' dir='ltr'><strong>v.</strong></span> <span class='ocrx_word' id='word_1_288' title='bbox 883 2619 937 2652; x_wconf 87' lang='lat'><strong>34.</strong></span> <span class='ocrx_word' id='word_1_289' title='bbox 964 2619 1111 2663; x_wconf 89' lang='lat' dir='ltr'><strong>(Proph.)</strong></span> 
     </span>
     <span class='ocr_line' id='line_1_35' title="bbox 526 2672 1400 2722; baseline 0.003 -14"><span class='ocrx_word' id='word_1_290' title='bbox 526 2672 549 2718; x_wconf 80' lang='grc' dir='ltr'><em>ἢ</em></span> <span class='ocrx_word' id='word_1_291' title='bbox 574 2672 672 2709; x_wconf 80' lang='grc' dir='ltr'><em>δεινὰ</em></span> <span class='ocrx_word' id='word_1_292' title='bbox 696 2675 807 2718; x_wconf 78' lang='grc' dir='ltr'><strong><em>λέξαι,</em></strong></span> <span class='ocrx_word' id='word_1_293' title='bbox 832 2673 931 2711; x_wconf 80' lang='grc' dir='ltr'><em>δεινὰ</em></span> <span class='ocrx_word' id='word_1_294' title='bbox 954 2674 986 2710; x_wconf 79' lang='lat'><strong>‹5‘</strong></span> <span class='ocrx_word' id='word_1_295' title='bbox 1014 2673 1226 2722; x_wconf 73' lang='grc' dir='ltr'><strong><em>ὀφθαλμοῖς</em></strong></span> <span class='ocrx_word' id='word_1_296' title='bbox 1252 2675 1400 2722; x_wconf 80' lang='grc' dir='ltr'><em>δρακεῖν</em></span> 
     </span>
     <span class='ocr_line' id='line_1_36' title="bbox 526 2727 1474 2778; baseline 0.001 -13"><span class='ocrx_word' id='word_1_297' title='bbox 526 2728 647 2767; x_wconf 77' lang='grc' dir='ltr'><em>Πάλιν</em></span> <span class='ocrx_word' id='word_1_298' title='bbox 668 2727 704 2777; x_wconf 85' lang='grc' dir='ltr'><strong>μ’</strong></span> <span class='ocrx_word' id='word_1_299' title='bbox 734 2732 896 2777; x_wconf 80' lang='grc' dir='ltr'><em>ἔπεμψεν</em></span> <span class='ocrx_word' id='word_1_300' title='bbox 940 2732 985 2767; x_wconf 76' lang='grc' dir='ltr'><strong>ἐκ</strong></span> <span class='ocrx_word' id='word_1_301' title='bbox 1010 2729 1159 2778; x_wconf 78' lang='grc' dir='ltr'><em>δόμων</em></span> <span class='ocrx_word' id='word_1_302' title='bbox 1181 2734 1267 2766; x_wconf 80' lang='grc' dir='ltr'><strong>τῶν</strong></span> <span class='ocrx_word' id='word_1_303' title='bbox 1291 2734 1474 2772; x_wconf 71' lang='grc' dir='ltr'><em>Λοξίου.</em></span> 
     </span>
     <span class='ocr_line' id='line_1_37' title="bbox 307 2786 1745 2833; baseline 0.001 -10"><span class='ocrx_word' id='word_1_304' title='bbox 307 2789 334 2830; x_wconf 85' lang='lat'><strong>²)</strong></span> <span class='ocrx_word' id='word_1_305' title='bbox 359 2790 387 2822; x_wconf 84' lang='lat' dir='ltr'><strong>A</strong></span> <span class='ocrx_word' id='word_1_306' title='bbox 402 2800 420 2823; x_wconf 87' lang='lat' dir='ltr'><strong>e</strong></span> <span class='ocrx_word' id='word_1_307' title='bbox 433 2801 448 2823; x_wconf 89' lang='lat' dir='ltr'><strong>s</strong></span> <span class='ocrx_word' id='word_1_308' title='bbox 462 2801 479 2823; x_wconf 90' lang='lat' dir='ltr'><strong>c</strong></span> <span class='ocrx_word' id='word_1_309' title='bbox 491 2791 522 2823; x_wconf 85' lang='lat' dir='ltr'><strong>h.</strong></span> <span class='ocrx_word' id='word_1_310' title='bbox 548 2789 576 2823; x_wconf 91' lang='lat' dir='ltr'><strong>E</strong></span> <span class='ocrx_word' id='word_1_311' title='bbox 587 2801 608 2822; x_wconf 94' lang='lat' dir='ltr'><strong>u</strong></span> <span class='ocrx_word' id='word_1_312' title='bbox 620 2800 652 2823; x_wconf 91' lang='lat' dir='ltr'><strong>m</strong></span> <span class='ocrx_word' id='word_1_313' title='bbox 666 2800 684 2823; x_wconf 89' lang='lat' dir='ltr'><em>e</em></span> <span class='ocrx_word' id='word_1_314' title='bbox 698 2801 716 2822; x_wconf 88' lang='lat' dir='ltr'><strong>n</strong></span> <span class='ocrx_word' id='word_1_315' title='bbox 733 2790 744 2822; x_wconf 90' lang='lat' dir='ltr'><strong>i</strong></span> <span class='ocrx_word' id='word_1_316' title='bbox 758 2791 787 2822; x_wconf 90' lang='lat' dir='ltr'><strong>d.</strong></span> <span class='ocrx_word' id='word_1_317' title='bbox 813 2801 847 2823; x_wconf 87' lang='lat' dir='ltr'><strong>v.</strong></span> <span class='ocrx_word' id='word_1_318' title='bbox 873 2790 949 2823; x_wconf 84' lang='lat'>226.</span> <span class='ocrx_word' id='word_1_319' title='bbox 976 2790 1019 2831; x_wconf 91' lang='grc' dir='ltr'><strong>(Ο</strong></span> <span class='ocrx_word' id='word_1_320' title='bbox 1035 2793 1081 2833; x_wconf 89' lang='lat' dir='ltr'><strong>r.)</strong></span> <span class='ocrx_word' id='word_1_321' title='bbox 1098 2787 1246 2825; x_wconf 77' lang='lat' dir='ltr'><strong>’&#39;Avauo&#39;</strong></span> <span class='ocrx_word' id='word_1_322' title='bbox 1270 2786 1426 2832; x_wconf 70' lang='grc' dir='ltr'><em>Ἀθάνα,</em></span> <span class='ocrx_word' id='word_1_323' title='bbox 1451 2792 1592 2830; x_wconf 82' lang='grc' dir='ltr'><em>Λοξίου</em></span> <span class='ocrx_word' id='word_1_324' title='bbox 1607 2790 1745 2825; x_wconf 60' lang='lat' dir='ltr'><strong>masfia-</strong></span> 
     </span>
     <span class='ocr_line' id='line_1_38' title="bbox 215 2842 615 2890; baseline 0.005 -12"><span class='ocrx_word' id='word_1_325' title='bbox 215 2853 353 2890; x_wconf 85' lang='grc' dir='ltr'><em>σμασιν</em></span> <span class='ocrx_word' id='word_1_326' title='bbox 376 2842 450 2888; x_wconf 84' lang='grc' dir='ltr'><strong>ἥκω</strong></span> <span class='ocrx_word' id='word_1_327' title='bbox 473 2859 503 2880; x_wconf 80' lang='grc' dir='ltr'><strong>κ.</strong></span> <span class='ocrx_word' id='word_1_328' title='bbox 529 2858 559 2880; x_wconf 79' lang='grc' dir='ltr'><strong>τ.</strong></span> <span class='ocrx_word' id='word_1_329' title='bbox 586 2848 615 2880; x_wconf 78' lang='grc' dir='ltr'><strong>λ.</strong></span> 
     </span>
     <span class='ocr_line' id='line_1_39' title="bbox 307 2900 1339 2948; baseline 0.003 -14"><span class='ocrx_word' id='word_1_330' title='bbox 307 2900 332 2943; x_wconf 82' lang='lat'><strong>³)</strong></span> <span class='ocrx_word' id='word_1_331' title='bbox 359 2901 407 2935; x_wconf 80' lang='lat' dir='ltr'><strong>Cf.</strong></span> <span class='ocrx_word' id='word_1_332' title='bbox 434 2902 463 2936; x_wconf 88' lang='lat' dir='ltr'><strong>G</strong></span> <span class='ocrx_word' id='word_1_333' title='bbox 477 2913 495 2936; x_wconf 90' lang='lat' dir='ltr'><em>e</em></span> <span class='ocrx_word' id='word_1_334' title='bbox 509 2914 528 2947; x_wconf 87' lang='lat' dir='ltr'><strong>p</strong></span> <span class='ocrx_word' id='word_1_335' title='bbox 542 2916 562 2948; x_wconf 84' lang='lat' dir='ltr'><strong>p</strong></span> <span class='ocrx_word' id='word_1_336' title='bbox 576 2914 593 2937; x_wconf 90' lang='lat' dir='ltr'><em>e</em></span> <span class='ocrx_word' id='word_1_337' title='bbox 609 2915 625 2937; x_wconf 87' lang='lat' dir='ltr'><strong>r</strong></span> <span class='ocrx_word' id='word_1_338' title='bbox 638 2909 668 2945; x_wconf 88' lang='lat' dir='ltr'><strong>t,</strong></span> <span class='ocrx_word' id='word_1_339' title='bbox 694 2905 746 2937; x_wconf 87' lang='lat' dir='ltr'><strong>die</strong></span> <span class='ocrx_word' id='word_1_340' title='bbox 773 2904 1034 2946; x_wconf 85' lang='lat' dir='ltr'><strong>altgriechische</strong></span> <span class='ocrx_word' id='word_1_341' title='bbox 1060 2906 1182 2938; x_wconf 81' lang='lat' dir='ltr'><strong>Biihne.</strong></span> <span class='ocrx_word' id='word_1_342' title='bbox 1208 2916 1237 2948; x_wconf 86' lang='lat' dir='ltr'><strong>p.</strong></span> <span class='ocrx_word' id='word_1_343' title='bbox 1266 2905 1339 2938; x_wconf 88' lang='lat'>101.</span> 
     </span>
    </p>
   </div>
  </div>
 </body>
</html>
