2014 3204
275 1031 461 1081 UEBER
503 1030 609 1080 DAS
659 1029 995 1080 SOMATION
1040 1030 1154 1080 DER
1197 1029 1605 1081 GROEOHISGEEN

730 1109 1155 1161 SGHAUSPIELER.

289 1296 335 1335 In
381 1296 451 1335 der
497 1294 830 1347 Theatersprache
874 1296 926 1336 ist
970 1306 1062 1336 man
1106 1294 1206 1335 fiber
1251 1295 1315 1336 die
1353 1295 1587 1348 Bedeutung
1631 1296 1700 1336 des

176 1365 333 1404 Wortes
364 1360 648 1416 σωμάτιον
680 1364 789 1403 nieht
809 1363 863 1403 im
886 1364 1043 1404 Klaren.
1103 1363 1202 1403 Herr
1233 1363 1430 1404 Friedrich
1452 1364 1702 1405 Wieseler

179 1432 248 1472 hat
277 1444 346 1472 vor
376 1432 467 1471 dem
497 1432 615 1471 indeoe
644 1432 859 1471 scholarum
899 1433 969 1471 der
1007 1431 1212 1483 Gettinger
1259 1432 1495 1472 Universitflt
1534 1435 1597 1473 ffir
1634 1434 1702 1473 das

175 1499 506 1551 Winterhalbjahr
539 1499 736 1553 1869s70
775 1501 815 1539 in
852 1501 962 1540 einer
990 1500 1269 1551 Abhandlung:
1310 1501 1382 1548 „cle
1421 1501 1704 1553 difficilioribus

176 1569 401 1621 quibusdam
443 1568 613 1610 Pollucis
649 1570 886 1621 aliorumque
923 1572 1150 1621 scriptorum
1187 1575 1358 1609 veterum
1397 1570 1485 1609 locis
1499 1599 1508 1616 ‚
1551 1573 1618 1621 qm·
1654 1571 1704 1609 ad

176 1644 357 1677 ornatum
387 1640 597 1678 scaenicum
633 1641 825 1689 θρα-ίαηῐιζ
856 1637 918 1677 die
949 1637 1258 1690 Untersuehung
1295 1637 1440 1677 wieder
1469 1637 1702 1689 aufgenom-

178 1718 285 1745 men.
346 1706 400 1744 Er
430 1706 540 1746 fflhrt
571 1706 653 1746 drei
684 1706 832 1746 Stellen
864 1717 932 1754 an,
972 1719 1020 1746 an
1052 1706 1180 1745 denen
1213 1718 1255 1744 es
1286 1705 1359 1744 mit
1387 1704 1612 1757 Beziehung
1642 1706 1710 1745 auf

177 1773 244 1814 die
276 1773 553 1826 Schauspieler
582 1774 664 1814 und
696 1774 763 1814 das
794 1774 962 1814 Theater
992 1761 1233 1814 vorkemmt:

295 1843 331 1881 1.
364 1842 543 1882 Pollux
573 1841 779 1882 Onomast.
810 1842 870 1881 lv.
906 1842 996 1881 115.
1027 1841 1100 1882 καὶ
1135 1840 1264 1896 σκευή
1301 1840 1382 1896 μὲν
1419 1838 1446 1895 ἤ
1475 1841 1562 1883 τῶν
1591 1855 1705 1883 υπο-

179 1899 342 1965 κριτῶν
367 1908 498 1964 στολὴ
531 1907 578 1964 (ἦ
608 1908 657 1950 δ’
695 1907 802 1963 αὕτη
839 1909 918 1950 καὶ
959 1907 1240 1964 σωμάτιον
1278 1908 1513 1960 gualam)-
1555 1920 1707 1951 σκευο-

180 1977 316 2026 ποιὸς
347 1977 396 2019 δὲ
427 1972 451 2019 ὁ
482 1976 836 2031 προσωποποιὸς
867 1978 941 2030 vgl.
971 1978 1018 2017 ΙΙ.
1050 1977 1145 2018 235.

292 2047 331 2086 2.
362 2046 571 2087 Photius
602 2046 712 2086 lexic.
751 2042 1030 2098 σωμάτια,
1074 2047 1130 2087 τὰ
1167 2043 1517 2100 ἆναπλάσματα,
1558 2044 1624 2094 οἷς
1663 2044 1706 2088 οἳ

181 2111 419 2168 ὑποκριταὶ
450 2112 768 2155 διασάττουσιν
797 2110 967 2161 αὐτούς.
999 2110 1135 2162 οὕτως
1168 2112 1367 2156 Πλάτων.

292 2183 329 2222 3.
362 2183 549 2223 Lucian
579 2183 664 2235 lup.
697 2188 793 2235 trag.
825 2197 854 2224 c.
882 2184 948 2223 41.
981 2182 1020 2223 εἰ
1050 2183 1233 2224 τοιαῦτα
1265 2183 1497 2232 ποιοῦντες
1529 2181 1572 2224 οἳ
1601 2198 1707 2237 τρα-

179 2250 428 2307 γῳδοποιοὶ
460 2253 702 2292 πεπείκασί
734 2262 802 2300 σε,
843 2248 1006 2306 ἀνάγκη
1039 2250 1167 2293 δυοῖν
1197 2250 1412 2306 θάτερον,
1448 2250 1471 2306 ἦ
1500 2266 1570 2292 τοι
1602 2253 1708 2292 Πῶ-

179 2318 256 2361 λον
286 2319 359 2359 καὶ
385 2317 704 2374 Ἀριστόδημον
739 2318 814 2358 καὶ
845 2316 1041 2374 Σάτυρον
1082 2318 1296 2374 ἡγεῖσθαί
1336 2331 1385 2360 σε
1425 2319 1562 2367 θεοὺς
1592 2320 1707 2361 εἶναι

179 2385 299 2437 τότε,
331 2385 357 2442 ἢ
388 2387 443 2428 τὰ
472 2386 695 2442 πρόσωπα
725 2388 811 2428 τῶν
838 2388 961 2428 θεῶν
991 2385 1104 2429 αὐτὰ
1145 2388 1219 2428 καὶ
1258 2387 1359 2436 τοὺς
1398 2388 1598 2442 ἐμβάδας
1634 2387 1708 2429 καὶ

179 2455 276 2503 τοὺς
307 2454 519 2510 ποδήρεις
550 2455 738 2507 χιτῶνας
769 2454 844 2495 καὶ
874 2453 1100 2510 χλαμύδας
1140 2458 1213 2498 καὶ
1245 2457 1444 2511 χειρῖδας
1481 2456 1555 2496 καὶ
1597 2471 1709 2511 προ-

181 2522 416 2578 γαστρίδια
446 2523 534 2564 καὶ
557 2534 625 2564 σω
639 2523 806 2578 μάτια
828 2524 902 2564 καὶ
924 2521 1062 2566 τᾶλλα
1094 2524 1159 2574 οἷς
1180 2526 1341 2567 ἐκεῖνοι
1364 2522 1709 2578 σεμνύνουσι

183 2590 262 2645 τὴν
295 2591 560 2647 τραγῳδίαν,
594 2606 658 2632 wo
689 2593 823 2639 aber,
853 2606 921 2634 um
953 2595 1022 2634 das
1054 2595 1178 2646 gleieh
1209 2595 1293 2634 hier
1324 2608 1372 2634 zu
1401 2593 1632 2641 hemerken‚
1663 2594 1709 2634 in

184 2660 294 2700 dem
325 2661 437 2701 Cod.
471 2661 699 2701 Marcian.
733 2661 815 2702 434
844 2661 933 2701 καὶ
965 2660 1212 2714 σωμάτια
1242 2663 1350 2703 fehlt.

297 2729 351 2768 Er
381 2729 590 2781 vergleieht
621 2732 753 2770 ferner
784 2731 846 2770 die
874 2731 993 2770 Stelle
1022 2731 1062 2770 in
1094 2731 1164 2770 der
1185 2731 1417 2783 Biographie
1449 2731 1516 2771 des
1538 2731 1709 2783 Aeschy-

183 2796 264 2836 los:
305 2795 382 2851 την
418 2796 579 2852 σκηνήν
616 2796 834 2852 ἐκόσμησε
872 2797 944 2838 καὶ
982 2797 1060 2852 την
1090 2795 1202 2852 ὄψιν
1230 2799 1317 2840 τῶν
1353 2799 1593 2852 θεωμένων
1632 2814 1711 2838 xa—

185 2863 372 2918 τέπληξε
416 2863 516 2912 τοὺς
559 2862 799 2919 ὑποκριτὰς
842 2865 957 2920 χειρὶ
1003 2866 1228 2913 σκεπάσας
1273 2866 1346 2907 καὶ
1391 2868 1451 2922 τῷ
1497 2878 1523 2907 σ
1536 2864 1568 2907 ω’
1579 2883 1611 2920 μ
1624 2882 1710 2906 ατι

258 2931 285 2958 .Ῐ.
305 2931 532 2964 Sommerbrodt,
550 2932 699 2959 Seaanioa.
1456 2936 1499 2970 18
