2014 3204
874 218 1155 257 „36ss

249 336 358 383 Quae
404 339 493 373 nata
533 333 606 372 sub
646 333 881 383 Augustm),
928 333 974 372 ab
1019 334 1323 386 imperatoribus
1369 334 1579 374 maximam
1626 340 1775 387 partem

255 409 380 447 aucta,
415 414 507 440 mox
536 413 748 452 permagna
779 401 884 453 cepit
913 402 1159 442 incrementa
1189 402 1437 454 nimiumque
1483 409 1673 455 quantum
1710 417 1781 457 per

250 471 359 523 plura
393 470 579 521 deinceps
610 470 760 510 saecula
791 470 966 509 omnium
1000 470 1151 510 animos
1182 471 1365 510 devinxit.
1416 471 1618 511 Saltabant
1654 472 1780 524 impe-

250 544 413 584 ratores,
445 538 692 589 imperabant
722 538 925 578 saltatores
971 539 1256 590 (pantomimi),
1300 539 1425 579 indies
1471 539 1655 591 gliscebat
1697 553 1779 580 non

251 608 368 646 modo
400 606 441 645 in
477 606 632 657 ltalia2),
666 607 733 646 sed
767 607 882 646 etiam
919 608 961 647 in
992 608 1093 654 Asia,
1116 608 1302 658 Africass),
1334 608 1504 654 Graecia,
1536 607 1620 647 aliis
1649 609 1781 657 terris,

249 676 500 715 effeminatus
533 676 847 726 spectaculorum
870 678 980 715 furor
1000 677 1111 722 adeo,
1141 682 1186 715 ut
1216 676 1277 715 his
1300 677 1552 728 potissimum
1585 677 1780 717 illecebris

250 744 466 783 extinctam
498 756 584 782 esse
616 743 804 794 pristinae
834 743 1062 794 frugalitatis
1097 745 1349 792 memoriam,
1391 751 1597 797 corruptos
1635 758 1780 792 mores,

250 812 546 863 pessumdatam
579 811 798 859 civitatem,
844 812 1127 863 rempublicam
1163 813 1291 852 ruisse
1336 814 1583 853 clamitarent
1625 814 1782 854 illorum

251 886 477 931 temporum
520 879 748 931 scriptores.
819 880 894 919 Sed
933 881 1110 932 quamvis
1148 893 1236 920 cum
1280 887 1429 921 ceteros
1470 887 1555 922 tum
1585 882 1784 922 Ecclesiae

251 949 434 1000 inprimis
457 954 588 999 patres
609 955 746 987 contra
768 947 862 986 illud
886 949 1094 988 artificium
1117 962 1198 988 non
1230 949 1317 989 sine
1339 963 1453 990 causa
1486 951 1723 990 declamasse
1745 955 1784 990 et

250 1017 476 1068 theatrum,
509 1017 614 1069 quod
647 1030 693 1056 eo
725 1021 937 1068 streperet,
969 1017 1250 1057 consistorium
1283 1017 1584 1070 impudicitiae⁴)
1617 1019 1784 1059 diaboli—

252 1098 329 1137 que
361 1085 559 1124 officinam
592 1085 821 1124 nominasse
851 1086 1072 1136 putandum
1105 1086 1174 1132 sit,
1217 1098 1298 1126 non
1339 1087 1473 1126 minus
1504 1092 1641 1127 tamen
1678 1093 1784 1127 recte

252 1155 290 1194 in
323 1158 432 1194 muta
463 1153 526 1192 illa
558 1153 773 1204 eademque
801 1153 1074 1205 loquacissima
1105 1156 1444 1205 pantomimorum
1475 1156 1682 1196 saltatione
1715 1169 1784 1197 su-

252 1222 445 1262 blimioris
478 1221 682 1261 cuiusdam
714 1222 807 1261 artis
838 1221 997 1272 vestigia
1037 1222 1113 1261 iam
1145 1222 1251 1261 inter
1281 1228 1434 1263 veteres
1465 1224 1662 1264 Lucianus
1676 1224 1707 1276 ⁵)
1749 1230 1788 1264 et

253 1291 441 1330 Libanius
454 1290 486 1339 ⁶)
518 1290 702 1329 videntur
730 1296 935 1342 perspecta
966 1290 1162 1330 habuisse.
1224 1291 1279 1330 De
1311 1305 1387 1344 qua
1416 1304 1460 1331 re
1496 1297 1585 1332 utut
1616 1299 1654 1333 et
1683 1293 1788 1333 inter

253 1364 414 1398 nostros
446 1358 631 1397 homines
678 1364 717 1397 et
762 1358 866 1397 inter
904 1363 1058 1398 veteres
1105 1360 1319 1411 scriptores
1366 1360 1589 1413 discrepant
1634 1361 1788 1409 iudicia,

255 1428 445 1479 profecto,
477 1427 582 1479 quod
614 1432 771 1466 tantum
803 1427 1007 1467 saltatores
1030 1428 1329 1478 (pantomimos)
1362 1429 1402 1467 in
1423 1429 1588 1480 imperio
1608 1430 1787 1470 Romano

254 1495 423 1534 valuisse
454 1508 517 1535 res
549 1500 608 1534 est
637 1500 795 1544 testata,
841 1508 921 1534 non
954 1495 1133 1547 ineptum
1167 1502 1226 1536 est
1257 1509 1465 1548 quaerere,
1510 1511 1609 1550 quae
1638 1498 1789 1538 fuerint

254 1564 358 1603 illius
398 1564 492 1604 artis
532 1564 744 1615 principia,
791 1576 891 1616 quae
929 1569 1085 1612 natura,
1133 1577 1232 1616 quae
1269 1577 1435 1615 genera,
1482 1578 1582 1617 quae
1627 1566 1789 1618 species.

255 1632 365 1679 Quae
395 1632 555 1684 quidem
579 1645 669 1672 cum
691 1631 966 1684 superioribus
996 1633 1159 1673 saeculis
1191 1633 1285 1672 satis
1316 1634 1414 1674 bene
1448 1647 1492 1673 ex
1523 1635 1651 1687 aliqua
1679 1640 1790 1686 parte

257 1700 505 1752 exposuisset
534 1701 594 1740 vir
625 1700 906 1752 elegantissimi
936 1701 1090 1748 iudicii,
1123 1699 1383 1750 Salmasius⁷)⁷
1422 1709 1559 1742 nostra
1599 1704 1788 1743 memoria

262 1769 388 1808 multo
418 1769 684 1820 praestantius
715 1769 900 1821 explicuit
929 1769 988 1808 vir
1019 1769 1267 1809 doctissimus
1288 1770 1487 1822 Grysar⁸)‚
1520 1771 1587 1823 qui
1617 1772 1657 1810 in
1689 1772 1788 1811 duo-

258 1838 332 1877 bus
362 1837 503 1878 libellis
535 1838 614 1878 suis
645 1843 837 1884 veterum,
875 1850 975 1889 quae
1006 1838 1183 1890 dispersa
1223 1844 1335 1886 sunt,
1366 1839 1591 1879 testimonia
1623 1844 1662 1878 et
1700 1839 1790 1878 dili-

351 2014 376 2054 ¹)
395 2014 446 2046 Ad
472 2024 572 2045 unum
598 2022 711 2044 omnes
736 2011 974 2054 Bathyllum
1000 2016 1040 2043 et
1066 2010 1271 2054 Pyladem
1307 2012 1432 2054 primos
1457 2012 1543 2044 hanc
1569 2013 1788 2046 saltationem

261 2070 324 2102 sub
351 2071 503 2112 Augusto
530 2069 727 2102 instituisse
753 2069 972 2101 consentiunt
996 2067 1039 2100 cf.
1066 2068 1186 2101 Athen.
1212 2068 1236 2100 l.
1262 2068 1316 2101 20.
1344 2080 1371 2101 c.
1397 2068 1420 2101 f.
1447 2069 1587 2101 Lucian.
1613 2070 1653 2102 de
1679 2070 1792 2102 sallat.

259 2139 288 2160 c.
315 2127 369 2160 34.
395 2127 522 2160 Zosim.
559 2127 641 2160 hist.
665 2125 690 2159 l.
717 2137 747 2169 p.
774 2127 805 2158 4.
833 2125 882 2158 ed.
909 2125 1022 2168 steph.
1048 2125 1139 2157 Suid.
1178 2135 1204 2157 s.
1241 2137 1274 2158 v.
1315 2121 1393 2171 ὅρχ.
1430 2122 1588 2170 παντόμ.
1627 2131 1662 2159 et
1697 2137 1723 2159 s.
1758 2138 1791 2160 v.

257 2182 484 2231 Ἀθηνόδωρ.

355 2241 381 2282 ²)
407 2241 523 2273 Rheiu.
550 2240 637 2273 Mus.
667 2240 764 2274 1833.
790 2238 813 2271 1.
845 2236 923 2270 Hest
948 2249 978 2280 p.
1005 2238 1058 2270 72.
1085 2238 1139 2270 73.

353 2299 379 2340 ³)
406 2298 629 2338 Augustin.
656 2298 702 2329 de
727 2297 864 2328 doctr.
892 2295 1044 2327 christ.
1069 2294 1106 2327 ll.
1134 2294 1188 2327 38.

353 2355 382 2396 ⁴)
406 2354 665 2388 Tertullian.
703 2354 749 2386 de
775 2357 960 2396 spectac.
998 2364 1029 2395 p.
1064 2352 1140 2384 269.
1170 2353 1221 2384 ed.
1249 2353 1356 2386 Paris.
1406 2351 1624 2397 Chrysost.
1650 2363 1789 2396 expos.

260 2414 402 2457 psalm.
430 2411 513 2446 Vlll.
540 2412 609 2444 vol.
633 2411 673 2445 V.
702 2422 731 2453 p.
760 2411 812 2443 77.

353 2469 379 2512 ⁵)
407 2468 464 2502 Cf.
491 2469 659 2509 dialog„
686 2468 742 2510 qui
766 2472 820 2500 est
844 2468 945 2514 περὶ
976 2462 1212 2514 ὀρχήσεως.

355 2528 383 2568 ⁸)
407 2526 442 2558 In
469 2526 674 2558 oratione
700 2526 801 2568 περὶ
826 2520 1056 2571 ὀρχηστῶν
1083 2529 1201 2558 contra
1227 2524 1417 2556 Aristidem
1441 2525 1568 2557 habita.

356 2583 380 2624 ⁷)
406 2582 655 2616 Adnotationes
692 2582 725 2613 in
763 2582 1012 2624 Scriptores
1051 2581 1269 2615 historiae
1306 2582 1524 2623 Augustae
1562 2592 1592 2624 p.
1619 2580 1695 2614 496.
1721 2591 1791 2624 sqq.

263 2642 314 2674 ed.
340 2641 450 2673 Paris.
480 2641 565 2674 1666
593 2638 650 2671 fol.

354 2697 380 2739 Β)
406 2698 515 2729 Ersch
552 2697 617 2728 und
643 2696 776 2729 Gruber
812 2696 1082 2740 Encyclopaedie
1121 2707 1146 2728 s.
1185 2707 1218 2729 v.
1254 2695 1486 2727 Pantomimen
1525 2696 1585 2727 der
1609 2695 1722 2735 Auen,
1760 2699 1796 2727 et

267 2755 488 2787 Rheiuisches
515 2753 665 2786 Museum
694 2753 791 2786 1833.
817 2754 886 2786 vol.
911 2753 934 2786 l.
962 2765 992 2796 p.
1020 2753 1072 2786 30.
1099 2764 1167 2796 sqq.
1208 2753 1388 2785 Praeterea
1419 2752 1523 2784 multa
1554 2752 1693 2794 egregie
1723 2757 1796 2784 tra-

267 2817 357 2845 ctata
385 2816 464 2843 sunt
488 2821 506 2842 a
532 2810 761 2851 Muellero,
790 2811 830 2842 de
854 2811 954 2852 genio
979 2810 1056 2843 aevi
1080 2809 1317 2843 Theodosiani.
1367 2807 1518 2850 Gottiug.
1550 2809 1646 2842 1798.
1672 2820 1702 2852 p.
1731 2808 1794 2842 103

264 2880 331 2912 sqq.
358 2873 393 2900 et
419 2867 596 2909 Langio,
623 2867 803 2900 Vindiciae
829 2867 982 2908 tragoed.
1010 2866 1191 2899 Romanae.
1664 2870 1666 2872 '
