2014 3204
202 1236 234 1247 »y
371 1193 452 1238 est,
494 1187 570 1229 nisi
606 1187 737 1235 fallor,
775 1185 898 1234 ratio,
940 1198 1012 1227 cur
1047 1185 1091 1226 in
1125 1190 1304 1227 veterum
1341 1186 1460 1227 rebus
1497 1185 1686 1226 scaenicis

312 1284 313 1289 =
329 1258 553 1309 :hucusque
592 1253 896 1308 profecerimus:
941 1254 1063 1294 altera
1100 1253 1143 1294 in
1181 1254 1353 1295 fontium
1395 1254 1560 1306 penuria
1598 1254 1687 1303 sita,

193 1315 240 1370 ἶ,
258 1346 272 1350 -
301 1324 344 1369 in
370 1325 637 1377 interpretum
666 1323 842 1375 ingenio.

193 1384 433 1450 ’ωῗζέΕῐειιίιιι
454 1393 553 1433 adeo
574 1393 634 1432 vel
654 1391 833 1438 obscura,
856 1391 916 1431 vel
936 1394 1130 1438 contorta,
1157 1390 1219 1430 vel
1238 1402 1391 1439 manca,
1424 1390 1485 1430 vel
1504 1394 1690 1442 corrupta

253 1452 267 1474 Ἴ
313 1471 415 1513 quae
454 1465 606 1500 veteres
642 1459 855 1511 scriptores
891 1459 1006 1499 nobis
1035 1458 1307 1505 tradiderunt,
1344 1458 1409 1498 vix
1438 1463 1484 1498 ut
1513 1469 1691 1509 unquam

206 1578 221 1585 „
247 1580 254 1584 ⁷.
270 1540 351 1569 ras
394 1527 457 1568 his
495 1527 615 1567 rebus
651 1527 798 1567 offusas
835 1539 1002 1580 prorsus
1047 1526 1272 1566 discussum
1316 1526 1364 1566 iri
1402 1525 1588 1565 credibile
1625 1524 1689 1564 sit.

211 1614 214 1621 ·
235 1605 431 1650 ecunque
461 1595 568 1635 enim
596 1600 750 1635 servata
772 1606 868 1635 esse
895 1595 1127 1646 gaudemus,
1158 1606 1250 1634 cum
1268 1593 1310 1633 in
1330 1593 1691 1633 vetustissimorum

254 1681 259 1699 ι
312 1676 401 1705 rum
441 1663 626 1716 operibus
655 1664 858 1704 recondita
887 1664 1026 1711 latent,
1066 1666 1153 1702 tum
1183 1662 1287 1714 apud
1315 1662 1519 1707 rhetores,
1555 1672 1692 1713 gram-

191 1721 341 1788 stim,
369 1731 665 1784 lexicographos
693 1731 842 1784 passim
872 1731 1059 1771 collocata
1088 1735 1194 1770 sunt.
1254 1730 1434 1778 Quorum
1469 1730 1623 1782 priores
1653 1733 1693 1768 et

295 1805 338 1841 et
370 1787 432 1840 in'
451 1805 685 1840 transcursu
719 1803 876 1840 tantum
915 1798 1432 1845 mentionem.iniecerunt,
1474 1803 1519 1838 ut
1547 1797 1693 1850 quihus

197 1878 265 1908 &ms
306 1867 335 1877 ’”
349 1880 413 1908 uus
442 1879 525 1908 non
554 1881 655 1920 opus
691 1873 777 1908 erat
805 1867 1002 1920 copiosius
1032 1879 1251 1919 exponere,
1289 1866 1528 1919 posteriores
1558 1871 1693 1906 autem

209 1928 387 2011 &stilio
416 1947 552 1976 rerum
582 1935 851 1976 scaenicarum
872 1940 976 1975 statu
996 1935 1116 1980 nimis
1141 1935 1299 1982 remoti,
1330 1934 1443 1979 facile
1461 1947 1580 1975 suum
1601 1945 1694 1974 cum

255 2002 543 2051 ,confuderunt
601 2001 678 2049 Qui
706 2015 800 2042 vero
831 2015 879 2042 ex
907 2003 1090 2054 utrisque
1110 2003 1330 2043 hauserunt
1358 2002 1591 2042 scholiastae
1614 2008 1694 2042 tam

261 2074 304 2112 te
331 2064 575 2124 saepissime,
605 2069 797 2122 quidquid
827 2069 1086 2117 invenerunt,
1116 2069 1424 2122 descripserunt,
1454 2074 1498 2109 ut
1525 2068 1696 2109 fallacis-

246 2151 270 2180 a
301 2139 384 2180 sint
413 2151 552 2179 eorum
582 2137 823 2186 testimonia,
853 2149 984 2189 neque
1014 2137 1089 2178 nisi
1120 2137 1289 2178 maxima
1318 2137 1501 2178 cautione
1521 2136 1696 2177 adhibita

238 2219 364 2251 usum,
396 2213 580 2247 nostrum
619 2206 796 2247 converti
834 2206 1001 2258 possint.
1066 2206 1132 2246 Sic
1171 2219 1261 2246 cum
1298 2217 1497 2246 summam
1534 2216 1695 2257 operam

286 2276 372 2317 imi
394 2276 495 2316 ‘fere
535 2276 687 2315 fructus
708 2274 945 2321 eluderent,
977 2274 1081 2314 viros
1110 2274 1259 2326 ingenii
1288 2273 1471 2314 acumine
1499 2273 1697 2325 praeditos

294 2345 455 2395 mirum,
487 2356 590 2396 quae
616 2343 750 2383 fontes
778 2342 1033 2395 suppeditare
1063 2343 1229 2390 nollent,
1258 2347 1396 2394 suapte
1426 2342 1560 2381 indole
1581 2341 1698 2380 effin-

250 2413 277 2456 ’,
291 2417 332 2453 et
350 2425 451 2465 quae
471 2424 607 2452 manca
637 2411 779 2451 tradita
799 2416 941 2457 essent,
962 2411 1198 2452 coniecturis
1220 2411 1374 2462 explere
1394 2414 1557 2449 conatos
1578 2406 1696 2448 esse?

275 2480 403 2534 ‘Atqui
431 2480 494 2520 vix
523 2486 584 2520 est
613 2479 718 2532 quod
749 2491 953 2527 moneam,
982 2479 1127 2520 litteris
1156 2479 1223 2519 tali
1252 2478 1371 2518 modo
1399 2490 1483 2518 non
1512 2489 1697 2529 magnam

249 2547 259 2557 '
288 2552 384 2588 tem
415 2548 526 2588 nasci
555 2560 686 2600 posse.
748 2549 799 2588 Ut
829 2549 936 2589 enim
956 2547 1206 2588 coniecturae
1232 2546 1456 2598 ingeniosae
1475 2558 1557 2585 non
1576 2544 1699 2586 semel

248 2605 453 2675 {raritatem
481 2616 668 2668 dirigant,
706 2617 986 2658 abstinendum
1013 2621 1152 2662 tamen
1187 2619 1248 2654 est
1282 2615 1325 2654 in
1356 2613 1476 2653 rebus
1506 2613 1698 2653 altissimo

316 2683 470 2732 brutis;
514 2697 616 2737 quae
663 2684 854 2725 minutiae
907 2684 1090 2724 videntur
1133 2683 1180 2723 ad
1226 2682 1401 2722 criticam
1449 2681 1698 2721 severitatem

323 2769 328 2787 ·
348 2766 398 2799 ·e,
426 2751 469 2792 in
497 2758 669 2793 aetatum
691 2752 921 2792 discrimina
941 2751 1107 2792 candide
1127 2750 1458 2802 investigandum,
1487 2748 1698 2789 verborum

323 2819 465 2860 udines
503 2820 629 2872 probe
669 2819 975 2866 discernendae,
1013 2818 1145 2859 sobrie
1175 2818 1419 2858 diiudicanda
1450 2822 1563 2864 sunt,
1601 2828 1701 2868 quae

242 2885 423 2937 enimus,
461 2899 561 2940 quae
600 2887 801 2928 nescimus
830 2887 1003 2939 ingenue
1032 2886 1204 2927 fatenda.
1274 2885 1424 2937 Neque,
1461 2895 1700 2936 quamquam

1446 2949 1485 2985 l*
