2014 3204
765 215 1075 257 -169—

280 335 488 377 Constat
527 335 698 388 igitur,
742 338 788 375 ut
823 334 899 374 iam
940 346 1039 386 quae
1076 332 1192 373 dubia
1222 337 1317 374 sunt
1346 346 1367 374 a
1398 332 1514 373 certis
1543 332 1679 373 seiun-

165 418 316 459 gamus,
346 405 559 446 alterum
589 404 642 445 ab
673 403 921 456 Aeschylo
952 402 1299 443 introductum
1330 415 1439 443 esse
1468 402 1678 443 histrio-

164 487 292 525 nem,
336 475 403 529 qui
444 474 590 528 primas
634 473 756 515 totius
794 472 947 512 fabulae
984 477 1117 524 partes
1153 472 1394 525 susciperet,
1438 485 1528 512 cum
1565 478 1680 513 antea

164 544 407 598 principatus
436 542 575 583 fuisset
604 541 732 591 chori3
763 546 915 582 constat
944 541 1102 594 ipsum
1131 540 1430 594 Aeschylum
1462 546 1677 583 actorem

164 613 213 654 in
233 624 455 654 scaenam
476 610 719 664 prodiise,
750 610 1169 650 constatinstituto
1198 623 1219 650 a
1250 610 1494 663 Sophocle
1524 610 1678 651 tertio

164 688 329 723 actore
358 680 412 721 ab
439 679 675 732 Aeschylo
714 692 911 732 quoque
949 685 1125 720 ternos
1165 679 1419 720 adhibitos
1457 693 1563 720 esse
1599 680 1680 720 hi-

104 744 120 747 “
164 750 394 810 strioneS.
453 749 539 797 Quo
578 761 669 789 vero
708 748 943 790 luculentius
974 754 1176 802 appareat,
1218 748 1375 802 quando
1406 748 1619 802 Aeschylus
1658 762 1680 789 a

165 832 248 867 sua,
276 831 392 873 quam
421 818 572 872 primus
603 817 711 866 iniit,
746 818 902 858 ratione
931 818 981 859 ad
1011 830 1193 858 normam
1225 817 1481 870 Sophocleam
1512 819 1679 859 deflexe-

163 887 229 937 rit,
270 887 376 928 iuvat
413 899 550 927 omnes
589 887 673 928 eius
709 886 859 928 fabulas
897 887 1080 941 deinceps
1120 888 1317 941 persequi.
1385 887 1469 936 Qua
1507 901 1551 929 re
1584 889 1680 929 illud

165 970 321 1012 quoque
351 956 565 1005 efficietur,
594 961 639 996 ut
669 962 902 1010 argumento
933 957 967 997 si
996 969 1078 997 non
1107 970 1232 1005 novo,
1263 962 1303 998 at
1333 957 1464 998 minus
1494 958 1559 998 illo
1591 958 1679 1011 qui-

164 1028 254 1068 dem
283 1028 488 1080 bucusque
517 1032 708 1079 usurpato
740 1026 1066 1079 comprobemus,
1104 1026 1262 1080 quando
1301 1027 1464 1067 0111111110
1504 1027 1680 1080 singulae

162 1096 340 1150 Aeschyli
367 1095 521 1136 fabulae
557 1095 765 1137 videantur
803 1109 890 1137 esse
930 1096 971 1136 in
1009 1109 1150 1137 scaena
1187 1096 1337 1136 doctae.
1402 1095 1448 1136 In
1486 1109 1562 1149 qua
1600 1097 1678 1136 dis-

163 1166 374 1220 quisitione
401 1177 453 1205 ne
471 1171 622 1205 temere
650 1165 853 1206 videamur
882 1166 1026 1218 vagari,
1056 1166 1132 1206 hoc
1161 1165 1382 1206 tenendum
1412 1171 1482 1213 est,
1512 1166 1577 1206 vix
1606 1179 1679 1219 po-

162 1236 286 1276 tuisse
315 1235 551 1288 Sophoclem
582 1235 722 1275 ceteris
751 1234 878 1287 poetis
909 1235 996 1275 talis
1026 1235 1255 1275 mutationis
1275 1240 1474 1275 auctorem
1497 1236 1677 1283 existere,

163 1304 391 1358 priusquam
421 1303 566 1356 insigni
613 1304 784 1356 quodam
822 1304 967 1357 ingenii
1014 1304 1252 1345 documento
1287 1315 1371 1343 eam
1411 1303 1468 1344 rei
1502 1305 1680 1357 publicae

163 1373 377 1426 probasset.
437 1372 700 1424 Quapropter,
731 1385 820 1413 cum
850 1373 1020 1414 sciamus
1050 1373 1218 1426 primam
1249 1387 1339 1414 eum
1379 1374 1581 1414 Victoriam
1621 1374 1680 1414 Vi-

161 1440 260 1494 ginti
289 1446 377 1482 octo
407 1452 532 1480 annos
564 1445 702 1481 natum
738 1446 963 1494 reportasse
995 1442 1054 1482 01.
1087 1443 1162 1489 77,
1194 1443 1219 1482 4
1250 1442 1455 1497 (46⁹ls)¹)2
1494 1443 1560 1484 hic
1597 1450 1680 1484 ter-

161 1509 294 1550 minus
324 1515 428 1557 esto,
458 1514 547 1550 ante
578 1521 696 1563 quem
729 1510 888 1551 tertium
928 1516 1098 1552 actorem
1136 1523 1217 1553 non
1255 1513 1389 1554 datum
1429 1526 1513 1554 esse
1549 1517 1675 1555 statu-

162 1577 307 1620 endum
337 1582 410 1618 est.

271 1646 320 1688 Et
348 1647 389 1687 in
418 1647 589 1688 Persis
621 1649 798 1701 quidem,
830 1661 931 1702 quae
962 1650 1159 1701 tragoedia
1188 1651 1500 1693 illustrissimum
1531 1666 1678 1707 suppe-

159 1717 257 1758 ditat
295 1716 529 1769 antiquioris
565 1718 895 1772 simpliciorisque
933 1719 1084 1760 formae
1123 1721 1367 1774 exemplum,
1407 1723 1511 1763 nulla
1546 1728 1679 1775 potest

158 1798 247 1826 esse
276 1785 483 1834 dubitatio,
514 1788 609 1840 quin
641 1788 718 1827 duo
749 1794 903 1829 tantum
934 1789 1085 1830 fuerint
1115 1794 1287 1838 actores,
1319 1791 1434 1832 sicuti
1465 1792 1677 1832 clarissime

158 1855 198 1896 id
229 1855 356 1896 elucet
383 1868 430 1895 ex
450 1855 581 1896 tabula
611 1854 821 1909 adscripta,
852 1868 951 1908 quae
982 1868 1187 1940 nunquam
1216 1859 1304 1912 plus
1336 1861 1434 1901 duos
1465 1861 1676 1902 histriones

160 1923 201 1965 in
230 1936 368 1966 scaena
399 1924 523 1965 fuisse
553 1924 687 1964 docet:

1324 1998 1483 2032 Actorum
1507 2008 1676 2034 numerus.

291 2064 319 2104 I.
422 2063 572 2104 Chorus
602 2063 711 2104 solus
741 2076 777 2103 v.
813 2037 979 2105 1-150
1010 2067 1070 2106 ed.
1102 2066 1309 2109 Wellauer.

289 2132 335 2173 ΙΙ.
415 2133 552 2173 Atossa
582 2138 621 2174 et
651 2133 800 2174 Chorus
830 2146 864 2173 v.
901 2134 1121 2176 151-244
1152 2166 1445 2178 .....
1507 2139 1541 2179 1.

292 2202 356 2242 111.
416 2202 568 2249 Atussa,
600 2202 782 2251 Nuntius,
815 2203 966 2245 Chorus
997 2218 1031 2245 V.
1062 2205 1286 2247 245—523
1364 2238 1373 2247 .
1434 2237 1443 2246 .
1503 2208 1541 2247 2.

291 2270 351 2310 lv,
415 2271 566 2312 Chorus
597 2271 704 2312 solus
734 2285 769 2311 v.
802 2273 1025 2315 524—589
1073 2305 1368 2317 .....
1433 2306 1444 2317 .
1503 2278 1542 2317 0.

291 2340 332 2379 V.
414 2340 569 2389 Atossa,
602 2340 752 2381 Chorus
781 2354 816 2382 V.
848 2343 982 2383 590——
989 2343 1070 2384 666
1153 2374 1443 2386 .....
1506 2348 1542 2386 1.

291 2407 354 2447 vl.
417 2409 569 2455 Α10553,
599 2409 703 2450 Darii
733 2410 879 2462 idolon,
912 2411 1063 2453 Chorus
1092 2427 1126 2454 V.
1158 2414 1288 2455 667-
1300 2414 1381 2455 828
1437 2446 1445 2455 .
1504 2416 1542 2455 2.

291 2477 370 2517 vn.
419 2478 574 2524 Atossa,
607 2479 758 2519 Chorus
789 2493 823 2519 V.
857 2479 1080 2523 829—838
1148 2514 1442 2524 .....
1505 2485 1541 2524 1.

292 2545 389 2585 Vlll.
421 2546 573 2588 Chorus
604 2547 711 2588 solus
741 2560 776 2588 V.
810 2547 1032 2590 839-872
1080 2581 1442 2593 ......
1502 2554 1541 2593 Ο.

291 2613 357 2654 1Χ.
420 2614 567 2656 Xerxes
597 2622 636 2657 et
666 2616 819 2658 Chorus
849 2631 882 2659 V.
916 2618 1166 2662 873—1076
1223 2651 1231 2661 .
1293 2653 1301 2662 .
1364 2652 1372 2660 .
1433 2653 1443 2662 .
1504 2624 1540 2662 1.

274 2681 410 2736 ltaque
439 2698 462 2725 a
490 2697 534 2725 re
564 2687 742 2727 scaenica
777 2686 873 2727 nihil
907 2700 1072 2741 prorsus
1108 2690 1260 2740 obstat,
1298 2692 1510 2744 quominus
1548 2691 1674 2732 causis

256 2900 279 2942 ¹)
303 2900 342 2933 A.
368 2890 536 2946 Schiill,
560 2902 758 2946 Sophokles.
808 2903 887 2938 sein
913 2904 1026 2940 Leben
1051 2907 1116 2940 und
1140 2906 1286 2941 Wirken
1310 2918 1341 2952 p.
1367 2907 1407 2942 31
1433 2918 1501 2952 sqq.
