2014 3204
882 198 1190 240 -216-

388 315 673 356 Continehatur
703 321 832 356 autem
880 318 1007 357 omnis
1045 318 1106 359 illa
1137 318 1302 359 imitatio
1332 318 1512 371 figuris
1543 320 1791 373 quibusdam,

273 396 373 436 quae
418 396 556 436 graece
598 384 858 425 nominantur
903 383 1164 441 σχήματα.
1221 387 1399 427 Athen.
1430 388 1524 428 XIV.
1557 402 1592 441 p.
1623 389 1717 431 628.
1746 390 1790 430 D.

273 451 457 506 ἐχρῶντο
491 453 725 502 (saltatores)
755 460 847 501 τοῖς
889 453 1107 509 σχήμασιν
1148 458 1346 510 σημείοις
1385 454 1521 510 μόνον
1559 457 1646 497 τῶν
1684 455 1791 509 ᾀδο-

272 517 424 574 μένων.
475 521 650 568 Quarum
682 535 781 574 quae
810 524 927 563 fuerit
955 524 1069 574 ratio,
1100 524 1288 566 discimus
1318 539 1364 565 ex
1394 526 1592 566 Plutarchi
1619 526 1791 573 Quaestt.

272 590 422 630 conviv.
454 590 518 630 IX.
555 591 617 630 15.
650 592 687 632 2.
748 590 830 647 ἔφη
878 591 926 632 δὲ
965 586 1065 645 τρία
1106 594 1219 634 εἶναι
1262 595 1384 649 (μέρη
1424 595 1497 648 τῆς
1537 591 1791 649 ὀρχήσεως),

271 658 361 713 τὴν
401 658 573 713 φορὰν
613 657 686 700 καὶ
727 659 784 701 τὸ
827 661 1004 715 σχῆμα
1044 661 1116 701 καὶ
1151 661 1245 717 την
1284 660 1467 710 δεῖξιν.
1527 661 1553 716 ἡ
1594 663 1676 718 γὰρ
1717 661 1792 717 ὅρ-

269 737 395 782 χησις
435 726 480 768 ἔκ
520 742 565 768 τε
594 724 807 783 κινήσεων
847 729 919 769 καὶ
957 730 1145 780 σχέσεων
1179 732 1447 785 συνέστηκεν,
1480 729 1536 780 ὠς
1574 732 1624 774 τὸ
1664 733 1792 787 μέλος

270 797 356 837 τῶν
396 792 611 851 φθόγγων
650 797 723 837 καὶ
763 798 848 839 τῶν
888 797 1208 853 διαστημάτων.
1268 796 1465 840 ἐνταῦθα
1496 799 1548 856 δὴ
1579 799 1629 842 αἱ
1659 802 1792 856 μοναὶ

273 867 441 921 πέρατα
480 866 566 907 τῶν
606 861 817 922 κινήσεων
858 868 959 908 εἰσί.
1019 869 1187 922 φοράς
1222 863 1379 919 (Gallice
1427 873 1566 922 ‚pas⁴)
1595 869 1676 924 μὲν
1715 863 1793 914 οὖν

270 933 347 983 τὰς
387 932 578 990 κινήσεις
618 933 897 990 ὀνομάζουσι,
939 934 1183 991 σχήματα
1223 936 1272 978 δὲ
1312 939 1480 989 σχέσεις
1520 937 1592 978 καὶ
1631 937 1791 979 διαθέ-

272 1014 379 1052 σεις,
422 1003 485 1051 εἷς
525 1000 575 1051 ἇς
616 1002 856 1059 φερόμεναι
891 1004 1148 1047 τελευτῶσιν
1178 1003 1225 1046 αἳ
1253 1004 1460 1060 κινήσεις,
1503 1002 1608 1049 ὅταν
1629 1005 1791 1049 'Anast-

270 1071 407 1120 λωνος
447 1070 472 1127 ἦ
511 1086 628 1121 τινος
668 1070 844 1129 Βάκχης
885 1074 1055 1128 σχῆμα
1095 1073 1451 1123 διατιθέντες
1490 1074 1567 1116 ἐπὶ
1602 1075 1679 1116 τοῦ
1709 1074 1791 1117 σώ-

271 1156 407 1195 ματος
445 1142 671 1196 γραφικῶς
709 1148 802 1191 τοῖς
855 1140 994 1183 εἴδεσι
1045 1141 1338 1196 ἐπιμένωσι
1378 1175 1387 1183 .
1431 1175 1440 1183 .
1483 1174 1493 1184 .
1533 1144 1579 1186 ἐν
1617 1140 1794 1199 ὀρχήσει

270 1209 319 1251 τὸ
360 1209 441 1265 μὲν
476 1211 651 1265 σχῆμα
689 1207 924 1265 μιμητικόν
965 1209 1059 1251 ἐστι
1099 1211 1270 1266 μορφῆς
1303 1210 1378 1252 καὶ
1410 1212 1529 1262 ἰδέας
1556 1211 1627 1254 καὶ
1654 1213 1792 1255 πάλιν

271 1277 295 1334 ή
351 1279 469 1333 φορὰ
517 1278 696 1328 πάθους
742 1279 861 1329 τινὸς
901 1279 1145 1335 ε’μφατικὸν
1183 1279 1209 1335 ἢ
1250 1281 1448 1335 πράξεως
1488 1280 1514 1336 ἢ
1553 1280 1791 1336 δυνάμεως,

270 1355 395 1396 ταῖς
435 1347 490 1389 δὲ
530 1347 740 1396 δείξεσι
782 1352 940 1401 κυρίως
967 1347 1077 1390 αὐτὰ
1114 1349 1296 1404 δηλοῦσι
1337 1349 1390 1391 τὰ
1429 1349 1676 1406 πράγματα,
1715 1349 1792 1405 τὴν

271 1417 366 1472 γῆν,
407 1417 483 1459 τὸν
524 1415 725 1472 οὗρανόν,
764 1416 920 1467 αὐτοὺς
959 1418 1058 1467 τοὺς
1096 1418 1298 1473 πλησίον.

387 1487 727 1535 Quemadmodum
773 1488 890 1540 igitur
934 1488 977 1528 in
1022 1502 1209 1541 passuum
1254 1486 1401 1543 (φορά)
1434 1490 1569 1530 maiori
1599 1489 1789 1529 minorive

273 1556 486 1600 celeritate,
518 1557 718 1608 gravitate,
749 1558 902 1597 levitate
932 1557 1034 1598 inest
1063 1558 1146 1610 ipsa
1177 1558 1392 1599 saltationis
1423 1564 1561 1599 natura
1592 1571 1637 1598 ac
1652 1570 1789 1610 genus,

273 1626 394 1677 magis
426 1626 603 1665 minusve
634 1626 841 1678 agitatum,
888 1626 1086 1673 decorum,
1118 1627 1341 1673 honestum,
1371 1627 1428 1667 sic
1458 1640 1505 1667 ex
1534 1639 1670 1667 eorum
1699 1639 1789 1679 pas—

271 1708 387 1735 suum
433 1695 710 1735 coniunctione
756 1701 795 1735 et
839 1695 976 1735 ordine
1022 1701 1148 1736 certae
1178 1697 1368 1748 quaedam
1399 1701 1617 1736 nascuntur
1645 1696 1790 1747 figurae

273 1761 504 1818 (σχήματα)
536 1777 695 1817 eaeque,
727 1777 815 1805 cum
838 1765 1016 1805 dicantur
1036 1764 1233 1817 paulisper
1253 1765 1294 1804 in
1316 1765 1361 1805 iis
1384 1765 1527 1805 morari
1548 1762 1791 1818 (ἐπιμένειν

272 1833 468 1873 Plutarch.
501 1833 525 1872 l.
557 1833 598 1884 l.)
629 1834 847 1882 saltatores,
894 1835 934 1875 ni
964 1834 1076 1874 fallor
1106 1834 1295 1874 eiusmodi
1342 1840 1383 1874 ut
1428 1847 1528 1887 quae
1571 1833 1672 1886 apud
1717 1844 1790 1873 nos

271 1902 407 1954 gallico
438 1902 623 1943 vocabulo
654 1903 911 1944 nominantur
941 1904 1074 1952 „tabl
1084 1908 1236 1943 eauae⁴⁴
1276 1905 1336 1944 vel
1366 1917 1466 1956 quos
1495 1902 1666 1955 fingendi
1697 1902 1790 1942 arti—

270 1972 362 2011 fices
393 1977 533 2011 vocant
564 1978 698 2012 actus
729 1973 908 2022 (Akt)1).

384 2040 446 2080 Et
475 2040 529 2080 in
559 2040 646 2081 his
677 2041 1000 2082 schematis
1029 2043 1307 2082 choricae
1337 2042 1603 2082 actionis
1633 2042 1791 2081 inest

271 2123 289 2150 s
307 2122 444 2149 umm
462 2122 494 2149 a.
555 2109 656 2150 Haec
687 2110 862 2151 invenire
893 2117 952 2151 est
982 2116 1121 2163 poetae
1151 2112 1211 2151 vel
1241 2111 1554 2156 chorodidascali,
1585 2111 1680 2150 haec
1709 2110 1790 2150 dis-

271 2190 418 2230 ponere
450 2177 788 2231 (διατιθέναι)2)
821 2181 1030 2222 choreutae
1049 2212 1058 2228 ‚
1105 2181 1171 2233 qui
1201 2180 1304 2220 idem
1337 2186 1398 2220 cst
1427 2180 1615 2228 saltator,
1659 2179 1701 2219 in
1730 2179 1791 2218 his

271 2247 452 2288 aberrare
484 2261 503 2288 a
533 2248 745 2288 verborum
791 2262 889 2301 quae
920 2250 1161 2291 canebantur
1189 2249 1383 2290 sententia
1414 2261 1571 2289 summo
1603 2253 1685 2288 erat
1714 2248 1790 2288 sal-

365 2423 387 2464 ¹)
412 2424 551 2462 Λείξεις
575 2427 609 2455 et
634 2419 800 2467 σχήματα
819 2423 997 2457 Plutarcho
1022 2429 1110 2458 teste
1136 2425 1185 2457 ita
1202 2423 1370 2467 differunt,
1395 2428 1433 2456 ut
1458 2420 1624 2467 σχήματα
1647 2422 1790 2465 speciem

271 2487 399 2515 tautum
423 2491 535 2514 rerum
560 2481 734 2514 imitentur
750 2476 924 2525 (μορφήν,
942 2479 1068 2522 ἰδέαν),
1094 2481 1215 2520 δείξεις
1231 2483 1322 2525 ipsas
1340 2492 1395 2514 res
1411 2481 1571 2514 imitando
1589 2479 1787 2522 exprimant.

272 2540 357 2571 Sunt
381 2539 487 2580 igitur
513 2538 731 2579 imitationis,
767 2549 849 2581 quae
885 2539 1015 2581 quidem
1040 2539 1185 2571 motibus
1210 2538 1384 2578 efficiatur,
1423 2539 1456 2570 in
1481 2537 1613 2570 actione
1637 2537 1670 2570 hi
1695 2537 1791 2580 quasi

270 2596 399 2639 quidam
429 2597 565 2638 gradus,
601 2600 638 2628 ut
670 2596 816 2629 infimum
849 2597 958 2629 locum
991 2596 1165 2629 obtineant
1192 2597 1325 2640 σημεῖα
1359 2594 1417 2636 (ef.
1458 2605 1487 2638 p.
1513 2595 1609 2637 213),
1647 2595 1791 2627 medium

272 2648 458 2697 σχήματα,
495 2664 654 2686 summum
690 2652 823 2692 δείξεις.
872 2653 943 2696 Quo
979 2654 1028 2694 fit,
1064 2658 1101 2685 ut
1136 2653 1241 2692 δεῖξις
1276 2653 1408 2696 propria
1433 2652 1481 2684 sit
1504 2652 1791 2695 pantomimorum,

273 2720 408 2753 quorum
434 2711 524 2743 actio
551 2711 583 2742 in
610 2711 682 2743 solo
699 2715 791 2743 motu
808 2715 950 2751 constat,
976 2722 1169 2754 quamquam
1194 2716 1228 2744 et
1252 2711 1430 2743 chorcutas
1455 2714 1488 2742 ct
1512 2709 1708 2752 histriones,
1733 2709 1790 2743 ubi

274 2777 330 2800 res
356 2767 500 2808 ferebat,
525 2778 563 2800 ea
589 2779 668 2801 usos
693 2767 797 2801 fuisse
824 2774 1082 2802 cousentaneum
1107 2773 1168 2801 est.

367 2823 392 2864 2)
417 2823 632 2858 Plutarch.
658 2830 785 2867 quaest.
812 2826 946 2858 conviv.
972 2827 994 2858 l.
1014 2826 1035 2858 l.
1055 2825 1103 2858 Cf.
1130 2836 1212 2868 quae
1237 2827 1276 2858 de
1301 2826 1542 2868 rhapsodorum
1568 2825 1789 2868 dispositione

278 2882 430 2924 exposita
459 2887 537 2914 sunt
563 2893 590 2924 p.
618 2882 692 2914 212.
