2014 3204
756 243 1067 283 —179—

4 340 9 342 -
83 360 93 405 ζ
148 359 215 401 ΠΙ.
308 359 461 401 Electra
492 365 531 400 et
561 360 726 400 Chorus.
779 359 940 400 Orestes
971 366 1011 399 et
1040 360 1202 412 Pylades

417 435 461 469 ut
489 429 537 469 Π.
568 442 604 469 v.
631 425 830 469 -82÷209
915 458 925 467 .
986 459 995 467 .
1057 458 1067 467 .
1129 459 1136 466 .
1174 458 1210 466 ..
1272 427 1296 468 3
1328 427 1371 477 (2
1399 428 1562 480 tacent).

151 495 214 536 lv.
312 496 477 543 Electra,
511 496 695 545 Orestes,
725 496 888 549 Pylades
920 494 1070 545 (tacet),
1101 496 1207 537 Cho—

416 577 485 606 rus
516 579 552 605 v.
584 565 808 606 210-577
841 594 1205 604 ......
1267 565 1292 604 3
1325 565 1362 615 (1
1399 566 1529 616 tacet).

150 634 195 674 V.
307 634 461 675 Chorus
491 635 599 675 solus
628 648 663 674 v,
695 633 916 675 578—641
980 663 989 672 .
1052 663 1061 671 .
1123 663 1132 671 .
1195 663 1204 671 .
1266 634 1303 672 Ο.

148 702 211 743 VI.
309 702 483 749 Orestes,
513 702 677 755 Pylades
698 700 849 754 (tacet),
880 714 1017 742 servus
1050 702 1106 752 (in
1138 715 1203 742 re-

414 771 506 823 gia),
538 771 690 811 Chorus
720 784 752 810 v.
786 770 1010 811 642—656
1047 800 1056 809 .
1118 801 1127 809 .
1189 800 1197 808 .
1260 769 1284 809 3
1305 770 1342 819 (1
1365 775 1478 817 tacet,
1498 770 1671 818 lintus).

147 839 228 881 VII.
305 837 479 886 Orestes,
509 839 672 891 Pylades
703 841 851 889 (tacet),
884 839 1205 892 Clytaemnestra,

416 907 566 947 Chorus
598 920 632 947 v.
664 908 889 948 657-—707
981 939 989 948 .
1054 938 1063 947 .
1124 938 1133 947 .
1195 938 1203 947 .
1265 906 1289 946 3
1322 905 1366 960 (1
1400 906 1536 961 tacet).

146 975 245 1016 VIII.
309 975 462 1016 Chorus
493 976 601 1016 solus
631 989 665 1016 v.
697 975 923 1017 708—722
984 1007 993 1015 .
1054 1007 1063 1016 .
1125 1007 1133 1015 .
1195 1006 1204 1015 .
1264 975 1302 1014 Ο.

147 1043 214 1084 ΙΧ.
311 1043 453 1084 Nutrix
483 1049 523 1083 et
552 1044 702 1084 Chorus
732 1058 767 1084 v.
800 1044 1021 1085 723—771
1120 1074 1128 1082 .
1192 1074 1201 1083 .
1266 1045 1284 1083 1

147 1111 182 1152 X
307 1112 457 1153 Chorus
487 1113 595 1152 solus
626 1125 659 1152 V.
692 1111 918 1153 772—824
979 1142 988 1152 .
1050 1143 1058 1152 .
1119 1143 1128 1151 .
1190 1144 1198 1152 .
1261 1112 1298 1151 Ο.

145 1181 211 1221 XI.
308 1181 518 1234 Aegisthus
549 1188 589 1221 et
618 1181 772 1222 Chorus
803 1195 840 1221 v.
871 1180 1204 1222 825—841..
1266 1182 1303 1220 1.

149 1249 230 1289 XII.
309 1250 482 1298 Chorus3
509 1250 748 1301 Aegisthus
737 1262 779 1290 m
799 1250 904 1301 regia
924 1263 957 1290 v.
982 1249 1198 1290 842—861
1266 1250 1287 1288 1
1320 1249 1363 1289 in
1393 1249 1512 1301 regia.

148 1317 247 1358 XIII.
311 1318 457 1359 Servus
488 1324 528 1358 et
558 1318 709 1358 Chorus
741 1331 776 1358 v.
809 1317 945 1359 862-—
949 1317 1028 1358 871
1124 1348 1132 1356 .
1194 1348 1203 1357 .
1267 1319 1302 1358 1.

148 1386 247 1428 XIV.
305 1386 462 1435 Servus,
493 1387 815 1439 Clytaemnestra,
846 1387 997 1428 Chorus

440 1454 705 1496 .872—-873
772 1484 1204 1495 .......
1264 1455 1303 1494 2.

147 1521 228 1563 XV.
310 1522 617 1575 Clytaemnestra
658 1529 698 1563 et
727 1524 881 1564 Chorus
912 1536 946 1563 v.
980 1523 1115 1563 874—
1121 1521 1203 1562 878
1268 1524 1302 1562 1.

146 1590 245 1632 XVI.
310 1591 637 1644 Clytaemnestra,
680 1592 858 1639 Orestes,
889 1591 1071 1644 Pylades,
1102 1591 1207 1632 Cho-

414 1672 483 1701 rus
512 1674 546 1700 v.
580 1659 802 1701 878-—918
845 1690 1205 1700 ......
1266 1661 1303 1701 3.

148 1727 264 1768 XVII.
311 1727 463 1769 Chorus
492 1728 601 1769 solus
630 1741 665 1769 v.
697 1727 922 1768 919-966
982 1759 991 1767 .
1054 1759 1062 1767 .
1124 1760 1133 1769 .
1196 1760 1205 1769 .
1265 1730 1304 1770 0.

146 1796 280 1838 XVIII.
311 1796 470 1838 Orestes
501 1797 559 1846 (in
592 1796 865 1849 eecyclemate)
896 1802 936 1837 et
966 1796 1119 1839 Chorus

413 1878 448 1905 v.
481 1865 734 1906 967—1058
768 1895 1204 1907 .......
1267 1868 1301 1908 1.

146 1933 271 1979 XIX.¹
309 1934 462 1975 Chorus
491 1934 600 1975 solus
629 1947 662 1974 v.
694 1934 801 1974 1059
831 1947 958 1988 usque
988 1935 1037 1975 ad
1070 1936 1203 1976 finem.

263 2003 448 2044 Videmus
469 2003 589 2054 igitur
617 2003 660 2043 in
690 2004 762 2043 hac
792 2016 959 2055 quoque·
980 2003 1175 2056 tragoedia
1204 2009 1287 2044 tres
1316 2003 1482 2045 inveniri
1514 2009 1677 2053 actores,

149 2072 220 2112 sed
250 2084 333 2112 non
373 2071 505 2112 minus
534 2078 669 2112 tamen
698 2084 789 2112 raro
821 2084 939 2124 quam
968 2071 1010 2111 in
1039 2084 1283 2124 praegressa.
1342 2073 1439 2113 Nam
1472 2073 1549 2114 etsi
1580 2086 1678 2126 qua-

146 2146 208 2181 ter
235 2140 341 2181 terni
369 2140 488 2181 simul
518 2140 559 2180 in
589 2153 730 2181 scaena
769 2146 1000 2188 versantur,
1039 2152 1122 2181 uno
1162 2141 1246 2181 solo
1287 2141 1372 2182 loco
1413 2154 1553 2183 omnes
1594 2147 1677 2182 tres

148 2209 378 2262 loquuntur.

261 2277 308 2318 In
337 2276 704 2319 Eumenidibus
741 2277 911 2330 denique
949 2277 1006 2320 sic
1042 2277 1151 2318 chori
1189 2278 1509 2333 histrionumque
1545 2285 1678 2333 partes

151 2352 247 2387 sunt
276 2346 525 2400 disseriptae:

1117 2427 1326 2460 Actornmn
1306 2437 1475 2461 n.umerus

147 2483 177 2524 l.
275 2484 413 2537 Pythia
443 2497 479 2524 v.
513 2483 648 2524 1—63
710 2514 1351 2525 ..........
1414 2486 1450 2525 1.

147 2552 195 2592 ΙΙ.
273 2553 436 2606 Apollo,
465 2551 685 2593 Mercurius
718 2550 883 2607 (tacet),
925 2552 1083 2594 Orestes
1119 2567 1155 2593 v.
1187 2552 1352 2594 64-93
1412 2553 1437 2593 3
1471 2551 1516 2606 (1
1538 2553 1678 2608 tacet).

149 2620 212 2661 111.
275 2621 611 2674 Clytaemnestrae
642 2621 776 2662 idolon
808 2626 847 2662 et
877 2622 1030 2663 Chorus
1060 2621 1262 2662 dormiens

414 2703 451 2729 v.
481 2690 679 2731 94-134
771 2719 1348 2731 .........
1410 2691 1445 2730 1.

148 2755 214 2796 IV.
272 2755 423 2798 Chorus
453 2758 560 2798 solus
589 2772 624 2798 v.
659 2758 881 2799 135—169
913 2788 1350 2799 .......
1410 2758 1448 2797 Ο.

149 2824 193 2863 V.
273 2824 409 2876 Apollo
440 2831 480 2866 et
510 2827 660 2868 Chorus
690 2841 724 2867 v.
762 2828 982 2868 170—225
1058 2857 1346 2867 .....
1413 2827 1448 2865 1.

155 2891 219 2932 vl.
279 2891 440 2933 Orestes
471 2899 510 2936 et
540 2895 692 2936 Chorus
724 2908 761 2936 v.
792 2895 1016 2937 226—374
1058 2924 1350 2936 .....
1415 2895 1449 2934 1.

1399 2959 1467 2995 12*
