2014 3204
779 235 1087 275 -127—

177 356 259 397 sint
287 353 597 396 luculentissima
626 353 901 394 demonstrant
930 348 1253 400 monumenta¹)?
1312 350 1452 391 Nonne
1494 350 1690 390 theatrum

178 424 356 466 omnium
385 424 467 464 fere
495 423 715 464 litterarum
743 421 966 473 artiumque
1005 420 1156 460 semina
1198 424 1384 472 tanquam
1427 419 1575 471 gremio
1618 431 1691 459 suo

178 493 305 541 forits
318 504 446 545 eoque
475 489 594 532 modo
622 489 932 544 provectioribus
954 486 1252 542 quasi-schola2)
1283 488 1473 540 quaedam
1503 491 1603 528 facta
1632 491 1693 528 est

177 562 383 616 politioris,
415 573 491 613 qua
519 565 675 613 praeter
703 564 855 600 ceteros
881 572 928 599 se
958 558 1144 598 excellere
1188 556 1468 608 gloriabantur,
1511 556 1692 597 humani-

177 629 303 672 tatis?
361 630 463 678 Quid
492 629 612 680 igitur
640 629 799 677 mirum,
829 640 926 680 quas
955 632 1060 667 artes
1090 625 1321 679 procreavit,
1365 625 1471 675 aluit,
1516 625 1693 672 nutrivit,

177 700 317 742 iisdem
346 700 545 740 theatrum
576 697 756 738 omnibus
796 710 881 738 oese
910 697 1078 737 invicem
1109 695 1349 740 decoratum,
1393 700 1433 734 et
1475 706 1546 746 per
1574 705 1692 734 omne

178 769 274 810 illud
302 773 473 820 tempus,
504 779 582 818 quo
612 771 723 806 aucta
753 766 948 819 republica
978 765 1131 805 litterae
1161 769 1344 816 artesque
1373 763 1588 802 laetissime
1618 763 1691 801 sso-

176 842 322 885 rerent,
352 836 467 876 etiam
500 835 685 886 fingendi,
730 834 932 887 pingendi,
976 834 1205 874 aedificandi
1250 838 1352 873 artes
1396 843 1599 884 nunquam
1644 831 1691 870 ad

177 905 482 959 amplificandam
513 903 656 944 theatri
685 904 1016 956 magnificentiam
1046 908 1163 955 atque
1192 903 1437 943 maiestatem
1478 913 1561 940 non
1605 913 1692 940 esse

177 966 384 1026 adhibitas.
443 973 594 1021 Quodsi
622 973 821 1013 theatrum
851 973 948 1013 illud
978 986 1001 1012 e
1030 985 1122 1012 saxo
1154 976 1398 1012 exstructum
1441 982 1514 1022 per
1542 970 1691 1022 Lycur-

175 1054 270 1095 gum
299 1043 456 1083 demum
486 1043 686 1083 rhetorem
730 1042 946 1094 perfectum
992 1054 1079 1081 esse
1122 1045 1296 1088 narrant,
1342 1040 1447 1080 haud
1491 1044 1691 1079 erraturos

176 1123 250 1152 nos
279 1125 367 1153 esse
396 1113 575 1159 arbitror,
606 1111 640 1151 si
669 1111 718 1151 de
748 1124 793 1150 eo
823 1110 881 1150 sic
909 1109 1159 1150 sentiendum
1190 1110 1459 1155 statuerimus,
1488 1119 1691 1160 nunquam

176 1180 375 1221 theatrum
404 1194 532 1234 usque
561 1181 607 1221 ad
637 1180 873 1233 Lycurgum,
917 1179 984 1231 qui
1014 1185 1214 1219 extremus
1243 1179 1437 1231 insignem
1470 1178 1505 1218 ei
1535 1182 1694 1217 navaret

178 1262 351 1303 operam,
380 1250 558 1290 exornari
594 1261 681 1289 esse
725 1249 907 1295 desitum,
951 1253 991 1288 at
1033 1253 1124 1300 post
1168 1248 1251 1288 eius
1294 1253 1475 1295 aetatem,
1519 1258 1609 1286 cum
1651 1245 1695 1285 in

178 1318 350 1371 singulos
379 1318 462 1359 dies
491 1319 766 1371 frangerentur
795 1317 916 1370 magis
948 1323 1065 1370 atque
1096 1316 1395 1357 debilitarentur
1437 1328 1501 1356 res
1530 1314 1695 1355 Atheni-

177 1387 332 1428 ensium
375 1394 416 1428 et
458 1400 509 1428 ne
551 1388 768 1428 litterarum
800 1387 958 1440 quidem
1004 1386 1241 1439 artiumque,
1285 1386 1486 1426 scaenicae
1515 1383 1694 1437 inprimis

175 1456 319 1508 poesis,
347 1456 540 1509 pristinus
569 1457 755 1497 existeret
783 1456 856 1496 flos
885 1462 999 1507 atque
1026 1456 1175 1503 honos,
1220 1456 1297 1496 iam
1342 1455 1439 1495 nihil
1482 1453 1693 1494 admodum

176 1523 225 1564 ad
255 1525 474 1578 augendam
504 1525 644 1589 theatri
674 1525 903 1577 dignitatem
934 1537 1020 1565 esse
1050 1525 1237 1565 additum.

270 1677 299 1721 ¹)
320 1677 468 1712 Vitae
504 1678 662 1712 decem
699 1682 948 1711 oratorum
983 1687 1015 1720 p.
1051 1677 1127 1710 841.
1152 1674 1176 1708 f.
1205 1668 1389 1720 εἰσήνεγκε
1424 1672 1466 1708 δὲ
1502 1673 1695 1718 (Lymzrgus

180 1735 307 1773 rhetor)
336 1737 398 1769 καὶ
426 1731 562 1782 νόμους
585 1755 629 1760 -
651 1733 714 1770 τὸν
743 1734 782 1768 δὲ
806 1733 854 1772 ὥς
874 1735 1013 1778 χαλκᾶς
1036 1731 1176 1771 εἰκόνας
1206 1728 1398 1768 ἀναθεῖναι
1427 1731 1500 1765 τῶν
1523 1732 1695 1774 ποιητῶν,

178 1788 379 1837 Αἰσχύλου,
412 1793 654 1838 Σοφοκλέους,
690 1790 904 1839 Εὐριπίδου,
940 1793 1001 1825 καὶ
1036 1789 1100 1829 τὰς
1133 1789 1331 1837 τραγῳδίας
1364 1785 1483 1823 αἰτῶν
1518 1788 1559 1822 ἒν
1586 1789 1695 1832 κοινῷ

174 1851 432 1896 γραψαμένους
455 1847 646 1894 φυλάττειν
676 1850 739 1882 καὶ
762 1847 829 1883 τὸν
857 1850 921 1891 τῆς
949 1843 1089 1886 πόλεως
1117 1848 1333 1895 γραμματέα
1362 1843 1476 1890 ἇνιιγ
1486 1843 1563 1880 ινώ
1571 1856 1645 1880 σκε
1655 1859 1665 1879 ι
1674 1858 1697 1881 ν

181 1908 245 1948 [sie
259 1908 347 1940 enin
371 1918 431 1950 pro
454 1903 796 1953 παραναγινώσκειν
820 1907 993 1948 legendum
1018 1917 1094 1940 csse
1118 1906 1260 1950 exposui
1282 1904 1401 1938 Rheiu.
1426 1905 1576 1938 Museum
1601 1903 1695 1937 xlx.

180 1974 213 2008 p.
239 1963 428 2005 130-134]
451 1966 524 2001 τοῖς
544 1962 848 2008 ὑποκρινομένοις.
1079 1958 1084 1961 ’

273 2022 302 2062 ²)
326 2022 356 2055 A
369 2033 387 2054 ι·
400 2022 412 2054 i
425 2032 441 2053 s
454 2026 470 2054 t
482 2032 501 2054 ο
515 2033 534 2066 p
549 2022 580 2054 h.
596 2021 624 2054 R
638 2033 658 2055 a
670 2022 820 2054 ·.1054.
835 2022 886 2054 ed.
900 2020 1067 2054 Fritsche.
1080 2023 1174 2057 τοῖς
1187 2018 1359 2066 μὲνγὰρ
1374 2019 1696 2066 παιδαρίοισιν

217 2075 337 2112 Ἐστι
363 2077 404 2111 δι
417 2076 658 2122 δάσκαλος,
674 2076 800 2116 ὅστις
822 2077 981 2123 φράζει
996 2089 1003 2095 ·
1026 2080 1117 2115 τοῖς
1140 2076 1174 2110 δ’
1202 2075 1362 2120 ἡβῶσιν
1387 2076 1431 2111 δὲ
1456 2080 1648 2121 ποιηταί.
