2014 3204
883 220 1189 261 ——118-

281 340 370 392 quia
402 339 579 389 serere¹)‚
609 336 797 377 seiunctis
827 336 900 377 iam
932 337 1039 377 chori
1060 342 1099 377 et
1127 337 1362 377 histrionum
1392 338 1636 387 muneribus,
1665 351 1822 392 secerffi

281 408 476 448 nebantur
513 407 789 447 choreutarum
826 411 864 446 et
894 411 1070 447 actorum
1105 407 1200 446 loca.
1259 407 1310 446 Et
1346 418 1434 446 cum
1465 407 1574 447 chori
1605 412 1792 453 maneret,

280 490 395 530 quam
426 481 618 524 tenuerat,
650 476 927 524 orchestra,
957 475 1214 516 histrionibus
1246 481 1440 516 exstructa
1471 481 1529 516 est
1559 489 1629 528 pro
1659 489 1793 518 mensa

278 543 341 583 illa
374 543 529 597 aliquod
561 545 757 597 pulpitum
789 543 993 596 (λογεῖον)
1038 544 1086 585 ab
1118 545 1317 585 orchestra
1348 544 1568 585 seiunctum
1600 546 1794 586 additum-

282 625 357 664 que
387 612 429 652 in
460 626 503 653 ea
533 620 657 666 parte,
687 626 785 666 quae
815 626 897 654 non
926 614 1050 654 vicina
1081 618 1164 653 erat
1194 614 1427 660 orchestrae,
1473 614 1686 654 tentorium
1726 614 1795 654 ali-

278 681 396 734 quod,
429 679 632 735 (σκηνή,
664 685 879 734 scaena),
924 683 964 723 in
997 695 1074 735 quo
1105 688 1354 723 versarentur
1384 687 1533 723 actores
1579 696 1627 723 ex
1671 695 1795 735 eoque

278 751 552 802 procederent.
599 751 720 791 Poll.
755 752 816 791 IV.
853 751 945 792 123.
977 749 1143 806 σκηνή
1175 749 1267 804 μὲν
1294 748 1597 804 ὑποκριτῶν
1626 750 1793 793 ἴδιον·

278 816 303 873 ἤ
348 818 407 859 δὲ
451 815 726 874 ὀρχήστρα
769 820 861 860 τοῦ
904 819 1078 875 χοροῦ.
1147 821 1336 861 Vitruv.
1381 821 1424 860 V.
1457 819 1564 861 8...
1594 821 1794 874 pulpitum,

279 888 379 941 quod
408 885 581 938 λογεῖον
611 889 801 941 appellant
831 888 1022 939 (Graeci),
1052 890 1134 930 ideo
1164 891 1262 943 quod
1292 891 1395 942 apud
1424 902 1484 930 eos
1527 893 1715 943 trayici
1753 897 1795 931 et

278 959 451 997 comici
479 964 665 998 actores
695 960 743 998 in
772 970 944 998 scaena
968 966 1167 1012 peragunt,
1202 959 1339 1012 reliqui
1365 966 1488 1000 autem
1517 959 1678 1012 artifices
1706 971 1794 999 suas

276 1039 348 1079 per
378 1027 607 1067 orchestram
631 1030 830 1079 praestant
859 1030 1030 1068 actiones.
1076 1027 1205 1080 Itaque
1235 1040 1284 1068 em
1314 1039 1354 1067 eo
1383 1030 1546 1068 scaenici
1559 1035 1593 1068 et
1609 1027 1794 1079 thymelici

275 1108 406 1148 graece
436 1098 640 1148 separatim
668 1098 928 1136 nominantur.

390 1164 469 1204 Hac
488 1170 617 1205 autem
650 1165 737 1205 data
759 1165 975 1212 occasione,
1006 1165 1233 1217 priusquam
1263 1177 1485 1217 pergamus,
1518 1176 1600 1204 non
1620 1164 1792 1217 alienum

278 1237 339 1273 est
370 1233 588 1285 explanare,
622 1245 719 1285 quae
754 1233 902 1273 fuerint
931 1245 1093 1274 scaenae
1122 1234 1163 1273 in
1205 1247 1247 1274 re
1292 1233 1467 1273 scaenica
1496 1232 1793 1273 vicissitudines.

278 1301 332 1341 Ac
361 1301 521 1354 proprie
552 1302 709 1355 quidem
725 1314 898 1342 scaena
915 1307 998 1343 erat
1026 1303 1307 1343 tentorium
1338 1303 1405 1351 „in
1437 1302 1575 1341 domus
1596 1301 1792 1354 speciem“

278 1375 532 1419 exstructum,
566 1371 756 1422 (Isidor.
781 1370 939 1424 Origg.
969 1371 1101 1412 XVIII.
1124 1371 1189 1412 43.
1214 1373 1314 1412 dicta
1335 1377 1459 1411 autem
1490 1382 1626 1410 scaena
1650 1369 1793 1411 Graeca

285 1440 518 1491 appelatione
548 1451 589 1479 eo
620 1441 718 1492 quod
748 1442 794 1479 in
822 1443 1016 1492 speciem
1046 1440 1206 1480 domus
1244 1447 1327 1479 erat
1356 1441 1578 1488 astructa),
1623 1451 1669 1478 ex
1713 1451 1791 1490 quo

279 1508 486 1548 histriones
522 1508 563 1548 in
596 1508 802 1561 pulpitum,
834 1509 881 1549 de
911 1521 987 1561 quo
1019 1509 1291 1561 loquebantur,
1321 1507 1596 1560 procedebant.
1648 1507 1792 1547 Deinde

277 1589 319 1616 ea
361 1576 583 1617 tabulata
629 1582 743 1629 atque
787 1578 1174 1630 peripetasmata
1213 1590 1373 1618 scaenae
1403 1577 1566 1616 nomine
1609 1576 1791 1627 insignita

277 1651 382 1693 sunt,
413 1644 554 1697 quibus
584 1645 786 1686 velabatur
813 1646 906 1686 illud
937 1647 1171 1695 aedificium,
1204 1658 1452 1699 quorumque
1482 1645 1633 1693 auxilio,
1669 1645 1791 1697 qualis

278 1719 380 1754 esset
423 1714 545 1763 locus,
589 1728 633 1755 ex
679 1728 755 1767 quo
799 1716 1021 1768 prodirent.
1065 1715 1282 1756 accuratius
1327 1715 1620 1767 significaretur.
1681 1714 1791 1754 Unde

278 1783 379 1824 dicta
412 1788 472 1823 est
501 1796 639 1824 scaena
671 1790 737 1824 aut
765 1785 924 1836 tragica,
956 1790 1022 1825 aut
1063 1784 1248 1837 satyrica,
1292 1789 1358 1824 aut
1394 1783 1540 1824 comica
1581 1783 1791 1836 ipsumque

280 1852 390 1891 fluxit
420 1853 748 1906 scaenographiae
778 1865 923 1894 nomen
946 1855 1142 1905 (Vitruv.
1175 1853 1217 1892 V.
1241 1851 1276 1892 8.
1303 1850 1448 1892 Genera
1477 1858 1602 1891 autem
1630 1863 1791 1891 scaena-

276 1933 364 1961 rum
394 1927 481 1961 sunt
511 1923 608 1961 tria:
653 1935 785 1970 uatum,
831 1924 929 1976 quod
973 1925 1109 1964 dicitur
1154 1923 1349 1973 traqicum,
1394 1920 1557 1960 alterum
1601 1921 1791 1967 comicum,

279 1992 429 2029 tertium
459 1992 675 2041 satyricum.
735 1989 984 2031 Plutarch.
1030 1990 1113 2029 vit.
1144 1989 1351 2030 Demetr.
1384 2003 1415 2029 c.
1448 1989 1512 2028 25.
1544 1984 1593 2043 ἦν
1623 1987 1673 2028 δὲ
1715 1987 1790 2028 καὶ

282 2055 458 2099 πάντων
489 2054 818 2109 ἀπεχθέστατος
849 2055 873 2099 ὁ
906 2060 1165 2112 Λυσίμαχος
1195 2055 1322 2114 αὐτῷ,
1355 2056 1427 2097 καὶ
1470 2056 1685 2111 λοιδορῶν
1729 2056 1791 2104 εἷς

279 2126 355 2167 τὸν
390 2125 527 2182 ἔρωτα
561 2127 634 2181 τῆς
658 2129 861 2181 Λαμείας
896 2122 1030 2179 ἔλεγε,
1061 2127 1137 2169 νῦν
1170 2126 1338 2181 πρῶτον
1359 2123 1596 2179 ἑωρακέναι
1624 2122 1791 2180 πόρνην

276 2196 598 2250 προερχομένην
615 2194 669 2235 ἐκ
690 2197 951 2250 τραγικῆς
973 2195 1183 2250 σκηνῆς·
1207 2196 1310 2236 vita
1330 2195 1542 2235 Demetr.
1568 2208 1601 2235 c.
1629 2194 1696 2235 28.
1716 2193 1791 2249 τῆν

276 2261 324 2303 δὲ
345 2261 556 2318 διήγησιν,
575 2259 719 2318 ὥσπερ
741 2263 786 2304 ἐκ
807 2265 1049 2319 κωμικῆς
1070 2264 1265 2319 σκηνῆς
1290 2261 1428 2305 πάλιν
1449 2263 1511 2311 εἷς
1530 2257 1791 2318 τραγικὴν

275 2330 537 2386 μετάγουσιν
557 2331 604 2373 αἳ
625 2332 751 2385 τύχαι
773 2333 846 2373 καὶ
868 2329 915 2374 αὶ
935 2333 1116 2387 πράξεις
1142 2334 1218 2375 τοῦ
1239 2331 1412 2388 ἀνδρὸς,
1436 2330 1486 2374 ὃν
1506 2326 1790 2387 διηγούμεθα.

277 2402 405 2441 Serv.
438 2402 505 2442 ad.
538 2402 660 2454 Virg.
694 2403 860 2455 Georg.
893 2403 957 2442 111.
990 2403 1055 2442 24.
1101 2402 1259 2450 Scaena,
1291 2415 1384 2457 qnae
1411 2403 1524 2455 fiebat
1553 2409 1619 2442 aut
1647 2403 1790 2442 versilis

276 2477 371 2517 erat,
402 2478 468 2510 aut
500 2471 696 2522 ductz'lis2).
743 2472 843 2512 Tum
864 2484 1027 2512 scaenae
1048 2472 1278 2512 vocabulum
1309 2473 1356 2512 de
1376 2471 1463 2524 ipso
1495 2484 1541 2511 eo
1562 2471 1647 2510 Ioco
1678 2482 1789 2511 usur-

277 2545 410 2592 patum
458 2545 527 2588 est,
577 2541 644 2594 qui
687 2547 775 2581 ante
806 2554 986 2582 scaenam
1022 2542 1245 2594 porrigitur,
1290 2541 1332 2580 in
1368 2553 1483 2592 quem
1528 2540 1790 2593 procedebant

373 2725 395 2765 1)
421 2726 575 2759 Alterum
599 2726 799 2759 histrionem
824 2725 949 2758 adiecit
973 2725 1174 2769 Aeschylus,
1198 2724 1338 2758 tertium
1368 2714 1561 2767 Sophocles.
1609 2723 1787 2758 Aristot.

278 2782 388 2817 Poet.
413 2784 446 2816 4.

371 2841 395 2882 ²)
422 2839 470 2873 Cf.
496 2839 755 2874 Zeitschrift
771 2840 841 2873 fiir
858 2841 927 2874 die
944 2838 1526 2875 Alter-thumswissenschaft.
1546 2838 1713 2873 1845.Nr.
1732 2840 1788 2881 45,

278 2909 308 2942 p.
335 2898 410 2932 356.
437 2899 489 2931 57.
537 2898 708 2940 [scaenica
733 2910 763 2942 p.
791 2898 856 2941 61]
