<?xml version="1.0" encoding="UTF-8"?>
<!DOCTYPE html PUBLIC "-//W3C//DTD XHTML 1.0 Transitional//EN"
    "http://www.w3.org/TR/xhtml1/DTD/xhtml1-transitional.dtd">
<html xmlns="http://www.w3.org/1999/xhtml" xml:lang="en" lang="en">
 <head>
  <title>
</title>
<meta http-equiv="Content-Type" content="text/html;charset=utf-8" />
  <meta name='ocr-system' content='tesseract 3.04.00' />
  <meta name='ocr-capabilities' content='ocr_page ocr_carea ocr_par ocr_line ocrx_word'/>
</head>
<body>
  <div class='ocr_page' id='page_1' title='image "./scaenicacollecta00sommuoft_0169.png"; bbox 0 0 2014 3204; ppageno 0'>
   <div class='ocr_carea' id='block_1_1' title="bbox 0 0 247 55">
    <p class='ocr_par' dir='ltr' id='par_1_1' title="bbox 0 0 247 55">
     <span class='ocr_line' id='line_1_1' title="bbox 0 0 247 55; baseline 0 3149"><span class='ocrx_word' id='word_1_1' title='bbox 0 0 247 55; x_wconf 95' lang='lat' dir='ltr'><strong> </strong></span> 
     </span>
    </p>
   </div>
   <div class='ocr_carea' id='block_1_2' title="bbox 765 258 1075 299">
    <p class='ocr_par' dir='ltr' id='par_1_2' title="bbox 765 258 1075 299">
     <span class='ocr_line' id='line_1_2' title="bbox 765 258 1075 299; baseline 0 -1"><span class='ocrx_word' id='word_1_2' title='bbox 765 258 1075 299; x_wconf 83' lang='lat'>-157—</span> 
     </span>
    </p>
   </div>
   <div class='ocr_carea' id='block_1_3' title="bbox 155 373 1685 2771">
    <p class='ocr_par' dir='ltr' id='par_1_3' title="bbox 161 373 1684 496">
     <span class='ocr_line' id='line_1_3' title="bbox 162 373 1684 427; baseline 0.001 -12"><span class='ocrx_word' id='word_1_3' title='bbox 162 378 247 416; x_wconf 83' lang='lat' dir='ltr'><strong>erat</strong></span> <span class='ocrx_word' id='word_1_4' title='bbox 274 377 430 427; x_wconf 85' lang='lat' dir='ltr'><strong>praeter</strong></span> <span class='ocrx_word' id='word_1_5' title='bbox 458 386 821 426; x_wconf 87' lang='lat' dir='ltr'><strong>ceraunoscopeum</strong></span> <span class='ocrx_word' id='word_1_6' title='bbox 853 374 969 414; x_wconf 88' lang='lat' dir='ltr'><strong>etiam</strong></span> <span class='ocrx_word' id='word_1_7' title='bbox 998 374 1213 415; x_wconf 84' lang='lat' dir='ltr'><strong>bronteum</strong></span> <span class='ocrx_word' id='word_1_8' title='bbox 1245 379 1285 414; x_wconf 89' lang='lat' dir='ltr'><strong>et</strong></span> <span class='ocrx_word' id='word_1_9' title='bbox 1313 386 1412 427; x_wconf 87' lang='lat' dir='ltr'><strong>quae</strong></span> <span class='ocrx_word' id='word_1_10' title='bbox 1442 373 1483 414; x_wconf 87' lang='lat' dir='ltr'><strong>in</strong></span> <span class='ocrx_word' id='word_1_11' title='bbox 1511 373 1684 416; x_wconf 86' lang='lat' dir='ltr'><strong>Crameri</strong></span> 
     </span>
     <span class='ocr_line' id='line_1_4' title="bbox 161 442 962 496; baseline -0.004 -12"><span class='ocrx_word' id='word_1_12' title='bbox 161 443 360 484; x_wconf 80' lang='lat' dir='ltr'>anecdotis</span> <span class='ocrx_word' id='word_1_13' title='bbox 391 443 536 485; x_wconf 85' lang='lat' dir='ltr'><strong>omissa</strong></span> <span class='ocrx_word' id='word_1_14' title='bbox 563 448 657 484; x_wconf 81' lang='lat' dir='ltr'><strong>sunt</strong></span> <span class='ocrx_word' id='word_1_15' title='bbox 687 442 962 496; x_wconf 83' lang='lat' dir='ltr'><strong>anapiesmata.</strong></span> 
     </span>
    </p>

    <p class='ocr_par' dir='ltr' id='par_1_4' title="bbox 156 511 1685 1325">
     <span class='ocr_line' id='line_1_5' title="bbox 272 511 1680 564; baseline 0.001 -12"><span class='ocrx_word' id='word_1_16' title='bbox 272 512 328 552; x_wconf 87' lang='lat' dir='ltr'><strong>De</strong></span> <span class='ocrx_word' id='word_1_17' title='bbox 349 512 563 553; x_wconf 81' lang='lat' dir='ltr'><strong>bronteo</strong></span> <span class='ocrx_word' id='word_1_18' title='bbox 584 525 668 553; x_wconf 87' lang='lat' dir='ltr'><strong>non</strong></span> <span class='ocrx_word' id='word_1_19' title='bbox 688 511 855 552; x_wconf 84' lang='lat' dir='ltr'><strong>difficilis</strong></span> <span class='ocrx_word' id='word_1_20' title='bbox 877 516 937 552; x_wconf 86' lang='lat' dir='ltr'><strong>est</strong></span> <span class='ocrx_word' id='word_1_21' title='bbox 963 511 1154 564; x_wconf 84' lang='lat' dir='ltr'><strong>quaestio.</strong></span> <span class='ocrx_word' id='word_1_22' title='bbox 1205 511 1275 552; x_wconf 83' lang='lat' dir='ltr'><strong>Est</strong></span> <span class='ocrx_word' id='word_1_23' title='bbox 1296 512 1402 552; x_wconf 90' lang='lat' dir='ltr'><strong>enim</strong></span> <span class='ocrx_word' id='word_1_24' title='bbox 1423 525 1467 553; x_wconf 87' lang='lat' dir='ltr'><strong>ea</strong></span> <span class='ocrx_word' id='word_1_25' title='bbox 1487 513 1680 562; x_wconf 87' lang='lat' dir='ltr'><strong>machina,</strong></span> 
     </span>
     <span class='ocr_line' id='line_1_6' title="bbox 163 580 1683 635; baseline 0.001 -14"><span class='ocrx_word' id='word_1_26' title='bbox 163 593 240 635; x_wconf 88' lang='lat' dir='ltr'><strong>qua</strong></span> <span class='ocrx_word' id='word_1_27' title='bbox 267 580 523 621; x_wconf 83' lang='lat' dir='ltr'><strong>imitabantur</strong></span> <span class='ocrx_word' id='word_1_28' title='bbox 552 581 740 621; x_wconf 87' lang='lat' dir='ltr'><strong>tonitrua.</strong></span> <span class='ocrx_word' id='word_1_29' title='bbox 800 580 914 629; x_wconf 87' lang='lat' dir='ltr'><strong>Quod</strong></span> <span class='ocrx_word' id='word_1_30' title='bbox 952 580 1152 632; x_wconf 90' lang='lat' dir='ltr'><strong>quomodo</strong></span> <span class='ocrx_word' id='word_1_31' title='bbox 1190 580 1338 621; x_wconf 88' lang='lat' dir='ltr'><strong>factum</strong></span> <span class='ocrx_word' id='word_1_32' title='bbox 1368 581 1442 630; x_wconf 89' lang='lat' dir='ltr'><strong>sit,</strong></span> <span class='ocrx_word' id='word_1_33' title='bbox 1480 582 1535 622; x_wconf 90' lang='lat' dir='ltr'><strong>sic</strong></span> <span class='ocrx_word' id='word_1_34' title='bbox 1562 582 1683 623; x_wconf 83' lang='lat' dir='ltr'><strong>tradit</strong></span> 
     </span>
     <span class='ocr_line' id='line_1_7' title="bbox 159 643 1682 704; baseline 0 -13"><span class='ocrx_word' id='word_1_35' title='bbox 159 650 279 691; x_wconf 86' lang='lat' dir='ltr'><strong>Poll.</strong></span> <span class='ocrx_word' id='word_1_36' title='bbox 301 650 469 691; x_wconf 88' lang='lat' dir='ltr'><strong>Onom.</strong></span> <span class='ocrx_word' id='word_1_37' title='bbox 489 650 550 690; x_wconf 83' lang='lat' dir='ltr'><strong>lv.</strong></span> <span class='ocrx_word' id='word_1_38' title='bbox 576 649 666 690; x_wconf 88' lang='grc'><strong>130.</strong></span> <span class='ocrx_word' id='word_1_39' title='bbox 688 647 736 690; x_wconf 85' lang='grc' dir='ltr'><strong>τὸ</strong></span> <span class='ocrx_word' id='word_1_40' title='bbox 753 646 804 690; x_wconf 78' lang='grc' dir='ltr'><strong>δὲ</strong></span> <span class='ocrx_word' id='word_1_41' title='bbox 823 647 1062 703; x_wconf 77' lang='grc' dir='ltr'><strong><em>βροντεῖον,</em></strong></span> <span class='ocrx_word' id='word_1_42' title='bbox 1078 643 1168 689; x_wconf 75' lang='grc' dir='ltr'><strong>ὑπὸ</strong></span> <span class='ocrx_word' id='word_1_43' title='bbox 1188 646 1271 704; x_wconf 81' lang='grc' dir='ltr'><strong>τήν</strong></span> <span class='ocrx_word' id='word_1_44' title='bbox 1292 648 1451 704; x_wconf 81' lang='grc' dir='ltr'><strong><em>σκηνὴν</em></strong></span> <span class='ocrx_word' id='word_1_45' title='bbox 1470 647 1682 699; x_wconf 73' lang='grc' dir='ltr'><strong><em>ὄπισθεν,</em></strong></span> 
     </span>
     <span class='ocr_line' id='line_1_8' title="bbox 160 712 1684 773; baseline 0 -13"><span class='ocrx_word' id='word_1_46' title='bbox 160 716 290 760; x_wconf 83' lang='grc' dir='ltr'><strong><em>ἄσκοι</em></strong></span> <span class='ocrx_word' id='word_1_47' title='bbox 320 716 485 773; x_wconf 80' lang='grc' dir='ltr'><em>ψήφων</em></span> <span class='ocrx_word' id='word_1_48' title='bbox 514 715 699 772; x_wconf 79' lang='grc' dir='ltr'><strong><em>ἔμπλεοι</em></strong></span> <span class='ocrx_word' id='word_1_49' title='bbox 729 715 993 772; x_wconf 81' lang='grc' dir='ltr'><strong><em>διωκόμενοι</em></strong></span> <span class='ocrx_word' id='word_1_50' title='bbox 1030 716 1143 758; x_wconf 84' lang='grc' dir='ltr'><strong><em>κατὰ</em></strong></span> <span class='ocrx_word' id='word_1_51' title='bbox 1171 712 1470 772; x_wconf 78' lang='grc' dir='ltr'><strong><em>χαλκωμάτων</em></strong></span> <span class='ocrx_word' id='word_1_52' title='bbox 1498 724 1538 759; x_wconf 87' lang='lat' dir='ltr'><strong>et</strong></span> <span class='ocrx_word' id='word_1_53' title='bbox 1566 731 1684 760; x_wconf 87' lang='lat' dir='ltr'><strong>accu-</strong></span> 
     </span>
     <span class='ocr_line' id='line_1_9' title="bbox 158 783 1682 842; baseline -0.002 -12"><span class='ocrx_word' id='word_1_54' title='bbox 158 789 282 830; x_wconf 83' lang='lat' dir='ltr'><strong>ratius</strong></span> <span class='ocrx_word' id='word_1_55' title='bbox 303 788 420 828; x_wconf 85' lang='lat' dir='ltr'><strong>etiam</strong></span> <span class='ocrx_word' id='word_1_56' title='bbox 445 787 623 828; x_wconf 91' lang='lat' dir='ltr'><strong>Suidas</strong></span> <span class='ocrx_word' id='word_1_57' title='bbox 652 801 689 828; x_wconf 82' lang='lat' dir='ltr'><strong>v.</strong></span> <span class='ocrx_word' id='word_1_58' title='bbox 719 784 940 842; x_wconf 81' lang='grc' dir='ltr'><strong><em>βροντή·</em></strong></span> <span class='ocrx_word' id='word_1_59' title='bbox 970 809 1024 817; x_wconf 91' lang='lat'><strong>—-</strong></span> <span class='ocrx_word' id='word_1_60' title='bbox 1054 784 1148 827; x_wconf 86' lang='grc' dir='ltr'><strong><em>ἔστι</em></strong></span> <span class='ocrx_word' id='word_1_61' title='bbox 1178 785 1227 827; x_wconf 75' lang='grc' dir='ltr'><strong>δὲ</strong></span> <span class='ocrx_word' id='word_1_62' title='bbox 1257 785 1330 826; x_wconf 81' lang='grc' dir='ltr'><strong><em>καὶ</em></strong></span> <span class='ocrx_word' id='word_1_63' title='bbox 1359 783 1594 841; x_wconf 79' lang='grc' dir='ltr'><strong><em>μηχάνημά</em></strong></span> <span class='ocrx_word' id='word_1_64' title='bbox 1621 802 1682 837; x_wconf 82' lang='grc' dir='ltr'><strong>τι,</strong></span> 
     </span>
     <span class='ocr_line' id='line_1_10' title="bbox 161 850 1683 911; baseline -0.001 -13"><span class='ocrx_word' id='word_1_65' title='bbox 161 854 188 898; x_wconf 80' lang='grc' dir='ltr'><strong><em>ὃ</em></strong></span> <span class='ocrx_word' id='word_1_66' title='bbox 214 852 410 897; x_wconf 77' lang='grc' dir='ltr'><strong><em>ἐκαλεῖτο</em></strong></span> <span class='ocrx_word' id='word_1_67' title='bbox 440 856 678 908; x_wconf 81' lang='grc' dir='ltr'><strong><em>βροντεῒον·</em></strong></span> <span class='ocrx_word' id='word_1_68' title='bbox 707 851 796 896; x_wconf 78' lang='grc' dir='ltr'><strong>ὑπὸ</strong></span> <span class='ocrx_word' id='word_1_69' title='bbox 826 854 903 910; x_wconf 80' lang='grc' dir='ltr'><strong>τὴν</strong></span> <span class='ocrx_word' id='word_1_70' title='bbox 932 853 1093 910; x_wconf 71' lang='grc' dir='ltr'><strong><em>σκηνήν</em></strong></span> <span class='ocrx_word' id='word_1_71' title='bbox 1122 853 1172 896; x_wconf 81' lang='grc' dir='ltr'><strong>δὲ</strong></span> <span class='ocrx_word' id='word_1_72' title='bbox 1201 851 1254 909; x_wconf 82' lang='grc' dir='ltr'><strong>ἦν</strong></span> <span class='ocrx_word' id='word_1_73' title='bbox 1282 850 1506 909; x_wconf 77' lang='grc' dir='ltr'><em>ἀμφορεὺς</em></span> <span class='ocrx_word' id='word_1_74' title='bbox 1536 861 1683 911; x_wconf 77' lang='grc' dir='ltr'><strong><em>ψηφῖ-</em></strong></span> 
     </span>
     <span class='ocr_line' id='line_1_11' title="bbox 158 920 1685 979; baseline -0.001 -12"><span class='ocrx_word' id='word_1_75' title='bbox 158 924 240 974; x_wconf 85' lang='grc' dir='ltr'><strong>δας</strong></span> <span class='ocrx_word' id='word_1_76' title='bbox 254 922 363 976; x_wconf 77' lang='grc' dir='ltr'><strong><em>ἔχων</em></strong></span> <span class='ocrx_word' id='word_1_77' title='bbox 377 920 691 979; x_wconf 52' lang='lat' dir='ltr'><strong>&amp;astamus-,3121</strong></span> <span class='ocrx_word' id='word_1_78' title='bbox 707 923 756 965; x_wconf 80' lang='grc' dir='ltr'><strong>δὲ</strong></span> <span class='ocrx_word' id='word_1_79' title='bbox 775 924 906 979; x_wconf 78' lang='grc' dir='ltr'><strong><em>λέβης</em></strong></span> <span class='ocrx_word' id='word_1_80' title='bbox 921 923 1119 976; x_wconf 77' lang='grc' dir='ltr'><em>χαλκοῦς,</em></span> <span class='ocrx_word' id='word_1_81' title='bbox 1148 924 1211 972; x_wconf 73' lang='grc' dir='ltr'><strong>εἷς</strong></span> <span class='ocrx_word' id='word_1_82' title='bbox 1227 920 1278 965; x_wconf 82' lang='grc' dir='ltr'><strong>ὃν</strong></span> <span class='ocrx_word' id='word_1_83' title='bbox 1306 921 1355 964; x_wconf 73' lang='grc' dir='ltr'><strong>αἱ</strong></span> <span class='ocrx_word' id='word_1_84' title='bbox 1383 924 1535 979; x_wconf 83' lang='grc' dir='ltr'><strong><em>ψῆφοι</em></strong></span> <span class='ocrx_word' id='word_1_85' title='bbox 1554 922 1685 979; x_wconf 78' lang='grc' dir='ltr'><strong><em>κατή-</em></strong></span> 
     </span>
     <span class='ocr_line' id='line_1_12' title="bbox 156 987 1683 1051; baseline 0.002 -19"><span class='ocrx_word' id='word_1_86' title='bbox 156 1006 285 1045; x_wconf 71' lang='grc' dir='ltr'><strong><em>γοντο</em></strong></span> <span class='ocrx_word' id='word_1_87' title='bbox 301 990 376 1033; x_wconf 80' lang='grc' dir='ltr'><strong><em>καὶ</em></strong></span> <span class='ocrx_word' id='word_1_88' title='bbox 392 987 649 1046; x_wconf 83' lang='grc' dir='ltr'><strong><em>κυλιόμεναι</em></strong></span> <span class='ocrx_word' id='word_1_89' title='bbox 665 989 771 1048; x_wconf 84' lang='grc' dir='ltr'><strong><em>ἦχον</em></strong></span> <span class='ocrx_word' id='word_1_90' title='bbox 787 991 1028 1035; x_wconf 77' lang='grc' dir='ltr'><strong><em>ἀπετέλουν</em></strong></span> <span class='ocrx_word' id='word_1_91' title='bbox 1043 991 1218 1034; x_wconf 74' lang='grc' dir='ltr'><strong><em>ἐοικότα</em></strong></span> <span class='ocrx_word' id='word_1_92' title='bbox 1226 993 1398 1051; x_wconf 78' lang='grc' dir='ltr'><strong><em>βροντῇ.</em></strong></span> <span class='ocrx_word' id='word_1_93' title='bbox 1429 994 1549 1034; x_wconf 93' lang='lat' dir='ltr'><strong>Cuius</strong></span> <span class='ocrx_word' id='word_1_94' title='bbox 1569 994 1683 1035; x_wconf 86' lang='lat' dir='ltr'><strong>verba</strong></span> 
     </span>
     <span class='ocr_line' id='line_1_13' title="bbox 158 1057 1683 1118; baseline 0.001 -15"><span class='ocrx_word' id='word_1_95' title='bbox 158 1063 333 1114; x_wconf 82' lang='lat' dir='ltr'><strong>(omissis</strong></span> <span class='ocrx_word' id='word_1_96' title='bbox 349 1057 439 1104; x_wconf 74' lang='grc' dir='ltr'><strong>ὑπὸ</strong></span> <span class='ocrx_word' id='word_1_97' title='bbox 456 1061 634 1118; x_wconf 73' lang='grc' dir='ltr'><strong><em>σκηνὴν,</em></strong></span> <span class='ocrx_word' id='word_1_98' title='bbox 651 1075 752 1116; x_wconf 89' lang='lat' dir='ltr'><strong>quae</strong></span> <span class='ocrx_word' id='word_1_99' title='bbox 767 1063 989 1116; x_wconf 84' lang='lat' dir='ltr'><strong>significant</strong></span> <span class='ocrx_word' id='word_1_100' title='bbox 1010 1070 1121 1116; x_wconf 82' lang='lat' dir='ltr'><strong>„post</strong></span> <span class='ocrx_word' id='word_1_101' title='bbox 1134 1064 1352 1113; x_wconf 82' lang='lat' dir='ltr'><strong>scaenam“)</strong></span> <span class='ocrx_word' id='word_1_102' title='bbox 1370 1062 1429 1103; x_wconf 90' lang='lat' dir='ltr'><strong>sic</strong></span> <span class='ocrx_word' id='word_1_103' title='bbox 1440 1063 1683 1116; x_wconf 85' lang='lat' dir='ltr'><strong>interpreta-</strong></span> 
     </span>
     <span class='ocr_line' id='line_1_14' title="bbox 156 1132 1680 1187; baseline -0.001 -13"><span class='ocrx_word' id='word_1_104' title='bbox 156 1139 224 1175; x_wconf 79' lang='lat' dir='ltr'><strong>tur</strong></span> <span class='ocrx_word' id='word_1_105' title='bbox 252 1132 467 1185; x_wconf 83' lang='lat' dir='ltr'><strong>Bernardy:</strong></span> <span class='ocrx_word' id='word_1_106' title='bbox 522 1134 619 1174; x_wconf 81' lang='lat' dir='ltr'><strong>Erat</strong></span> <span class='ocrx_word' id='word_1_107' title='bbox 655 1140 783 1174; x_wconf 83' lang='lat' dir='ltr'><strong>autem</strong></span> <span class='ocrx_word' id='word_1_108' title='bbox 824 1132 1000 1173; x_wconf 80' lang='lat' dir='ltr'><strong>machina</strong></span> <span class='ocrx_word' id='word_1_109' title='bbox 1028 1133 1234 1185; x_wconf 81' lang='lat' dir='ltr'><strong><em>quaedam,</em></strong></span> <span class='ocrx_word' id='word_1_110' title='bbox 1269 1134 1497 1187; x_wconf 83' lang='grc' dir='ltr'><strong><em>βροντεῒον</em></strong></span> <span class='ocrx_word' id='word_1_111' title='bbox 1531 1139 1680 1178; x_wconf 82' lang='lat' dir='ltr'><strong>vocata,</strong></span> 
     </span>
     <span class='ocr_line' id='line_1_15' title="bbox 159 1201 1683 1256; baseline -0.001 -12"><span class='ocrx_word' id='word_1_112' title='bbox 159 1215 255 1256; x_wconf 74' lang='lat' dir='ltr'><strong>quae</strong></span> <span class='ocrx_word' id='word_1_113' title='bbox 284 1211 367 1243; x_wconf 83' lang='lat' dir='ltr'><strong>erat</strong></span> <span class='ocrx_word' id='word_1_114' title='bbox 397 1203 580 1255; x_wconf 78' lang='lat' dir='ltr'><em>amphora</em></span> <span class='ocrx_word' id='word_1_115' title='bbox 609 1201 962 1243; x_wconf 77' lang='lat' dir='ltr'><strong>calculos‘marinos</strong></span> <span class='ocrx_word' id='word_1_116' title='bbox 992 1205 1204 1250; x_wconf 78' lang='lat' dir='ltr'><strong>continens;</strong></span> <span class='ocrx_word' id='word_1_117' title='bbox 1234 1202 1276 1242; x_wconf 72' lang='lat' dir='ltr'><strong>lu·</strong></span> <span class='ocrx_word' id='word_1_118' title='bbox 1293 1201 1435 1242; x_wconf 82' lang='lat' dir='ltr'><strong>calculi</strong></span> <span class='ocrx_word' id='word_1_119' title='bbox 1459 1203 1501 1241; x_wconf 77' lang='lat' dir='ltr'><strong>in</strong></span> <span class='ocrx_word' id='word_1_120' title='bbox 1530 1214 1683 1242; x_wconf 83' lang='lat' dir='ltr'><strong>aereum</strong></span> 
     </span>
     <span class='ocr_line' id='line_1_16' title="bbox 159 1270 1680 1325; baseline -0.001 -12"><span class='ocrx_word' id='word_1_121' title='bbox 159 1271 310 1313; x_wconf 78' lang='lat' dir='ltr'><strong>lebetem</strong></span> <span class='ocrx_word' id='word_1_122' title='bbox 324 1272 635 1318; x_wconf 78' lang='lat' dir='ltr'><strong>immittebantur,</strong></span> <span class='ocrx_word' id='word_1_123' title='bbox 651 1273 692 1312; x_wconf 82' lang='lat' dir='ltr'><strong>in</strong></span> <span class='ocrx_word' id='word_1_124' title='bbox 707 1283 779 1325; x_wconf 82' lang='lat' dir='ltr'><strong>quo</strong></span> <span class='ocrx_word' id='word_1_125' title='bbox 793 1271 957 1311; x_wconf 80' lang='lat' dir='ltr'><strong>volutati</strong></span> <span class='ocrx_word' id='word_1_126' title='bbox 968 1274 1163 1323; x_wconf 81' lang='lat' dir='ltr'><strong>strepitum</strong></span> <span class='ocrx_word' id='word_1_127' title='bbox 1173 1270 1501 1311; x_wconf 78' lang='lat' dir='ltr'><strong>tonitruisimilem</strong></span> <span class='ocrx_word' id='word_1_128' title='bbox 1510 1271 1680 1311; x_wconf 80' lang='lat' dir='ltr'><strong>edebant.</strong></span> 
     </span>
    </p>

    <p class='ocr_par' dir='ltr' id='par_1_5' title="bbox 155 1339 1683 2356">
     <span class='ocr_line' id='line_1_17' title="bbox 273 1339 1681 1393; baseline -0.001 -11"><span class='ocrx_word' id='word_1_129' title='bbox 273 1341 402 1382; x_wconf 78' lang='lat' dir='ltr'><strong>Minus</strong></span> <span class='ocrx_word' id='word_1_130' title='bbox 432 1346 538 1381; x_wconf 88' lang='lat' dir='ltr'><strong>certa</strong></span> <span class='ocrx_word' id='word_1_131' title='bbox 558 1340 607 1380; x_wconf 90' lang='lat' dir='ltr'><strong>de</strong></span> <span class='ocrx_word' id='word_1_132' title='bbox 636 1340 992 1393; x_wconf 88' lang='lat' dir='ltr'><strong>anapiesmatis</strong></span> <span class='ocrx_word' id='word_1_133' title='bbox 1022 1345 1117 1381; x_wconf 87' lang='lat' dir='ltr'><strong>sunt</strong></span> <span class='ocrx_word' id='word_1_134' title='bbox 1144 1339 1381 1381; x_wconf 87' lang='lat' dir='ltr'><strong>testimonia.</strong></span> <span class='ocrx_word' id='word_1_135' title='bbox 1442 1339 1546 1380; x_wconf 92' lang='lat' dir='ltr'><strong>Nihil</strong></span> <span class='ocrx_word' id='word_1_136' title='bbox 1576 1340 1681 1380; x_wconf 86' lang='lat' dir='ltr'><strong>enim</strong></span> 
     </span>
     <span class='ocr_line' id='line_1_18' title="bbox 160 1408 1681 1463; baseline -0.002 -12"><span class='ocrx_word' id='word_1_137' title='bbox 160 1416 352 1463; x_wconf 81' lang='lat' dir='ltr'><strong>superest,</strong></span> <span class='ocrx_word' id='word_1_138' title='bbox 382 1410 458 1450; x_wconf 85' lang='lat' dir='ltr'><strong>nisi</strong></span> <span class='ocrx_word' id='word_1_139' title='bbox 488 1408 733 1455; x_wconf 87' lang='lat' dir='ltr'><strong>Pollucis,</strong></span> <span class='ocrx_word' id='word_1_140' title='bbox 770 1408 882 1449; x_wconf 88' lang='lat' dir='ltr'><strong>cuius</strong></span> <span class='ocrx_word' id='word_1_141' title='bbox 919 1422 1038 1462; x_wconf 92' lang='lat' dir='ltr'><strong>quam</strong></span> <span class='ocrx_word' id='word_1_142' title='bbox 1073 1408 1168 1448; x_wconf 89' lang='lat' dir='ltr'><strong>levis</strong></span> <span class='ocrx_word' id='word_1_143' title='bbox 1198 1408 1251 1449; x_wconf 89' lang='lat' dir='ltr'><strong>sit</strong></span> <span class='ocrx_word' id='word_1_144' title='bbox 1280 1408 1494 1449; x_wconf 84' lang='lat' dir='ltr'><strong>auctoritas</strong></span> <span class='ocrx_word' id='word_1_145' title='bbox 1524 1408 1681 1461; x_wconf 88' lang='lat' dir='ltr'><strong>saepius</strong></span> 
     </span>
     <span class='ocr_line' id='line_1_19' title="bbox 157 1474 1681 1530; baseline -0.003 -10"><span class='ocrx_word' id='word_1_146' title='bbox 157 1479 400 1520; x_wconf 88' lang='lat' dir='ltr'><strong>intellectum</strong></span> <span class='ocrx_word' id='word_1_147' title='bbox 432 1484 504 1528; x_wconf 88' lang='lat' dir='ltr'><strong>est,</strong></span> <span class='ocrx_word' id='word_1_148' title='bbox 533 1479 627 1519; x_wconf 92' lang='lat' dir='ltr'><strong>haec</strong></span> <span class='ocrx_word' id='word_1_149' title='bbox 648 1477 927 1518; x_wconf 84' lang='lat' dir='ltr'><strong>obscurissima</strong></span> <span class='ocrx_word' id='word_1_150' title='bbox 958 1477 1178 1530; x_wconf 82' lang='lat' dir='ltr'><strong>explicatio.</strong></span> <span class='ocrx_word' id='word_1_151' title='bbox 1223 1476 1296 1518; x_wconf 84' lang='lat' dir='ltr'><strong>On.</strong></span> <span class='ocrx_word' id='word_1_152' title='bbox 1326 1477 1389 1516; x_wconf 89' lang='lat' dir='ltr'><strong>IV.</strong></span> <span class='ocrx_word' id='word_1_153' title='bbox 1425 1475 1517 1516; x_wconf 85' lang='lat'><strong>132.</strong></span> <span class='ocrx_word' id='word_1_154' title='bbox 1547 1475 1605 1516; x_wconf 78' lang='grc' dir='ltr'><strong>τὰ</strong></span> <span class='ocrx_word' id='word_1_155' title='bbox 1631 1474 1681 1516; x_wconf 80' lang='grc' dir='ltr'><strong>δὲ</strong></span> 
     </span>
     <span class='ocr_line' id='line_1_20' title="bbox 159 1540 1682 1603; baseline -0.003 -14"><span class='ocrx_word' id='word_1_156' title='bbox 159 1545 487 1602; x_wconf 75' lang='grc' dir='ltr'><strong><em>ἆναπιέσματα,</em></strong></span> <span class='ocrx_word' id='word_1_157' title='bbox 518 1546 567 1587; x_wconf 86' lang='grc' dir='ltr'><strong>τὸ</strong></span> <span class='ocrx_word' id='word_1_158' title='bbox 599 1546 679 1599; x_wconf 85' lang='grc' dir='ltr'><strong>μέν</strong></span> <span class='ocrx_word' id='word_1_159' title='bbox 699 1543 819 1585; x_wconf 77' lang='grc' dir='ltr'><strong><em>ἐστιν</em></strong></span> <span class='ocrx_word' id='word_1_160' title='bbox 840 1540 887 1585; x_wconf 79' lang='grc' dir='ltr'><strong>ἓν</strong></span> <span class='ocrx_word' id='word_1_161' title='bbox 905 1544 958 1603; x_wconf 85' lang='grc' dir='ltr'><strong>τῇ</strong></span> <span class='ocrx_word' id='word_1_162' title='bbox 987 1546 1135 1602; x_wconf 85' lang='grc' dir='ltr'><strong><em>σκηνῇ,</em></strong></span> <span class='ocrx_word' id='word_1_163' title='bbox 1166 1541 1224 1594; x_wconf 79' lang='grc' dir='ltr'><strong>ὦς</strong></span> <span class='ocrx_word' id='word_1_164' title='bbox 1244 1543 1447 1598; x_wconf 82' lang='grc' dir='ltr'><strong><em>ποταμὸν</em></strong></span> <span class='ocrx_word' id='word_1_165' title='bbox 1472 1541 1682 1585; x_wconf 75' lang='grc' dir='ltr'><strong><em>ἀνελθεῖν</em></strong></span> 
     </span>
     <span class='ocr_line' id='line_1_21' title="bbox 157 1607 1678 1669; baseline -0.001 -14"><span class='ocrx_word' id='word_1_166' title='bbox 157 1611 186 1669; x_wconf 81' lang='grc' dir='ltr'><strong><em>ἧ</em></strong></span> <span class='ocrx_word' id='word_1_167' title='bbox 213 1629 256 1655; x_wconf 86' lang='grc' dir='ltr'><strong>τι</strong></span> <span class='ocrx_word' id='word_1_168' title='bbox 285 1614 485 1656; x_wconf 84' lang='grc' dir='ltr'><strong><em>τοιοῦτον</em></strong></span> <span class='ocrx_word' id='word_1_169' title='bbox 523 1609 783 1667; x_wconf 78' lang='grc' dir='ltr'><strong><em>πρόσωπον,</em></strong></span> <span class='ocrx_word' id='word_1_170' title='bbox 812 1613 862 1654; x_wconf 81' lang='grc' dir='ltr'><strong>τὸ</strong></span> <span class='ocrx_word' id='word_1_171' title='bbox 894 1612 944 1654; x_wconf 78' lang='grc' dir='ltr'><strong>δὲ</strong></span> <span class='ocrx_word' id='word_1_172' title='bbox 974 1614 1077 1669; x_wconf 84' lang='grc' dir='ltr'><strong><em>περὶ</em></strong></span> <span class='ocrx_word' id='word_1_173' title='bbox 1118 1613 1218 1662; x_wconf 80' lang='grc' dir='ltr'><strong><em>τοὺς</em></strong></span> <span class='ocrx_word' id='word_1_174' title='bbox 1248 1611 1561 1667; x_wconf 73' lang='grc' dir='ltr'><strong><em>ἀναβαθμούς,</em></strong></span> <span class='ocrx_word' id='word_1_175' title='bbox 1591 1607 1678 1668; x_wconf 66' lang='grc' dir='ltr'><strong>ἐφ’</strong></span> 
     </span>
     <span class='ocr_line' id='line_1_22' title="bbox 157 1677 1674 1738; baseline -0.001 -12"><span class='ocrx_word' id='word_1_176' title='bbox 157 1679 217 1726; x_wconf 80' lang='grc' dir='ltr'><strong>ὦν</strong></span> <span class='ocrx_word' id='word_1_177' title='bbox 246 1677 480 1738; x_wconf 69' lang='grc' dir='ltr'><strong><em>ἀνέβαινον</em></strong></span> <span class='ocrx_word' id='word_1_178' title='bbox 510 1680 736 1736; x_wconf 82' lang='grc' dir='ltr'><strong><em>Ἕρίννυες.</em></strong></span> <span class='ocrx_word' id='word_1_179' title='bbox 796 1682 918 1723; x_wconf 84' lang='lat' dir='ltr'><strong>Erant</strong></span> <span class='ocrx_word' id='word_1_180' title='bbox 946 1689 1078 1724; x_wconf 88' lang='lat' dir='ltr'><strong>autem</strong></span> <span class='ocrx_word' id='word_1_181' title='bbox 1108 1684 1194 1724; x_wconf 89' lang='lat' dir='ltr'><strong>sine</strong></span> <span class='ocrx_word' id='word_1_182' title='bbox 1227 1683 1347 1724; x_wconf 91' lang='lat' dir='ltr'><strong>dubio</strong></span> <span class='ocrx_word' id='word_1_183' title='bbox 1383 1683 1425 1723; x_wconf 89' lang='lat' dir='ltr'><strong>in</strong></span> <span class='ocrx_word' id='word_1_184' title='bbox 1454 1683 1674 1736; x_wconf 80' lang='lat' dir='ltr'><strong>hyposcae-</strong></span> 
     </span>
     <span class='ocr_line' id='line_1_23' title="bbox 157 1751 1683 1804; baseline 0 -11"><span class='ocrx_word' id='word_1_185' title='bbox 157 1751 225 1792; x_wconf 88' lang='lat' dir='ltr'><strong>nio</strong></span> <span class='ocrx_word' id='word_1_186' title='bbox 254 1752 461 1801; x_wconf 88' lang='lat' dir='ltr'><strong>collocata,</strong></span> <span class='ocrx_word' id='word_1_187' title='bbox 502 1756 542 1792; x_wconf 87' lang='lat' dir='ltr'><strong>et</strong></span> <span class='ocrx_word' id='word_1_188' title='bbox 578 1751 722 1804; x_wconf 82' lang='lat' dir='ltr'><strong>duplex</strong></span> <span class='ocrx_word' id='word_1_189' title='bbox 760 1764 897 1793; x_wconf 88' lang='lat' dir='ltr'><strong>eorum</strong></span> <span class='ocrx_word' id='word_1_190' title='bbox 929 1753 1081 1794; x_wconf 87' lang='lat' dir='ltr'><strong>videtur</strong></span> <span class='ocrx_word' id='word_1_191' title='bbox 1110 1766 1207 1794; x_wconf 92' lang='lat' dir='ltr'><strong>usus</strong></span> <span class='ocrx_word' id='word_1_192' title='bbox 1236 1753 1360 1793; x_wconf 85' lang='lat' dir='ltr'><strong>fuisse</strong></span> <span class='ocrx_word' id='word_1_193' title='bbox 1388 1753 1498 1802; x_wconf 88' lang='lat' dir='ltr'><strong>talis,</strong></span> <span class='ocrx_word' id='word_1_194' title='bbox 1541 1759 1587 1793; x_wconf 92' lang='lat' dir='ltr'><strong>ut</strong></span> <span class='ocrx_word' id='word_1_195' title='bbox 1614 1759 1683 1794; x_wconf 88' lang='lat' dir='ltr'><strong>aut</strong></span> 
     </span>
     <span class='ocr_line' id='line_1_24' title="bbox 158 1818 1681 1875; baseline 0.001 -13"><span class='ocrx_word' id='word_1_196' title='bbox 158 1833 321 1862; x_wconf 84' lang='lat' dir='ltr'><strong>sursum</strong></span> <span class='ocrx_word' id='word_1_197' title='bbox 357 1821 543 1874; x_wconf 88' lang='lat' dir='ltr'><strong>propulsa</strong></span> <span class='ocrx_word' id='word_1_198' title='bbox 582 1820 637 1869; x_wconf 79' lang='lat' dir='ltr'><strong>(id</strong></span> <span class='ocrx_word' id='word_1_199' title='bbox 674 1820 781 1861; x_wconf 91' lang='lat' dir='ltr'><strong>enim</strong></span> <span class='ocrx_word' id='word_1_200' title='bbox 818 1821 1011 1873; x_wconf 86' lang='lat' dir='ltr'><strong>significat</strong></span> <span class='ocrx_word' id='word_1_201' title='bbox 1048 1822 1212 1863; x_wconf 86' lang='lat' dir='ltr'><strong>verbum</strong></span> <span class='ocrx_word' id='word_1_202' title='bbox 1250 1818 1521 1875; x_wconf 83' lang='grc' dir='ltr'><strong><em>ἀναπιέζειν)</em></strong></span> <span class='ocrx_word' id='word_1_203' title='bbox 1551 1822 1681 1875; x_wconf 89' lang='lat' dir='ltr'><strong>aliqua</strong></span> 
     </span>
     <span class='ocr_line' id='line_1_25' title="bbox 158 1889 1681 1942; baseline 0.001 -12"><span class='ocrx_word' id='word_1_204' title='bbox 158 1889 383 1942; x_wconf 84' lang='lat' dir='ltr'><strong>proscaenii</strong></span> <span class='ocrx_word' id='word_1_205' title='bbox 411 1894 521 1942; x_wconf 88' lang='lat' dir='ltr'><strong>parte</strong></span> <span class='ocrx_word' id='word_1_206' title='bbox 553 1889 666 1942; x_wconf 89' lang='lat' dir='ltr'><strong>quasi</strong></span> <span class='ocrx_word' id='word_1_207' title='bbox 696 1902 743 1930; x_wconf 85' lang='lat' dir='ltr'><strong>ex</strong></span> <span class='ocrx_word' id='word_1_208' title='bbox 772 1889 911 1930; x_wconf 86' lang='lat' dir='ltr'><strong>inferis</strong></span> <span class='ocrx_word' id='word_1_209' title='bbox 942 1892 1228 1932; x_wconf 87' lang='lat' dir='ltr'><strong>adscenderent</strong></span> <span class='ocrx_word' id='word_1_210' title='bbox 1257 1891 1484 1940; x_wconf 88' lang='lat' dir='ltr'><strong>histriones,</strong></span> <span class='ocrx_word' id='word_1_211' title='bbox 1516 1897 1583 1932; x_wconf 90' lang='lat' dir='ltr'><strong>aut</strong></span> <span class='ocrx_word' id='word_1_212' title='bbox 1612 1892 1681 1931; x_wconf 87' lang='lat' dir='ltr'><strong>de-</strong></span> 
     </span>
     <span class='ocr_line' id='line_1_26' title="bbox 161 1950 1680 2011; baseline 0 -11"><span class='ocrx_word' id='word_1_213' title='bbox 161 1971 297 2000; x_wconf 87' lang='lat' dir='ltr'><strong>orsum</strong></span> <span class='ocrx_word' id='word_1_214' title='bbox 328 1972 370 2000; x_wconf 88' lang='lat' dir='ltr'><strong>ea</strong></span> <span class='ocrx_word' id='word_1_215' title='bbox 400 1958 521 1999; x_wconf 83' lang='lat' dir='ltr'><strong>missa</strong></span> <span class='ocrx_word' id='word_1_216' title='bbox 560 1958 673 2011; x_wconf 88' lang='lat' dir='ltr'><strong>quasi</strong></span> <span class='ocrx_word' id='word_1_217' title='bbox 710 1964 816 1999; x_wconf 88' lang='lat' dir='ltr'><strong>terra</strong></span> <span class='ocrx_word' id='word_1_218' title='bbox 856 1950 1109 2001; x_wconf 85' lang='lat' dir='ltr'><strong>haurirentur</strong></span> <span class='ocrx_word' id='word_1_219' title='bbox 1145 1961 1226 2001; x_wconf 85' lang='lat' dir='ltr'><strong>sive</strong></span> <span class='ocrx_word' id='word_1_220' title='bbox 1256 1960 1327 2008; x_wconf 86' lang='lat' dir='ltr'><strong>dii,</strong></span> <span class='ocrx_word' id='word_1_221' title='bbox 1367 1961 1451 2001; x_wconf 90' lang='lat' dir='ltr'><strong>sive</strong></span> <span class='ocrx_word' id='word_1_222' title='bbox 1486 1960 1680 2008; x_wconf 90' lang='lat' dir='ltr'><strong>homines,</strong></span> 
     </span>
     <span class='ocr_line' id='line_1_27' title="bbox 158 2026 1682 2083; baseline 0 -15"><span class='ocrx_word' id='word_1_223' title='bbox 158 2027 239 2068; x_wconf 82' lang='lat' dir='ltr'><strong>sive</strong></span> <span class='ocrx_word' id='word_1_224' title='bbox 275 2041 339 2069; x_wconf 90' lang='lat' dir='ltr'><strong>res</strong></span> <span class='ocrx_word' id='word_1_225' title='bbox 380 2028 672 2081; x_wconf 86' lang='lat' dir='ltr'><strong>qualescunque</strong></span> <span class='ocrx_word' id='word_1_226' title='bbox 683 2026 729 2077; x_wconf 84' lang='lat'><strong>1).</strong></span> <span class='ocrx_word' id='word_1_227' title='bbox 797 2028 977 2077; x_wconf 84' lang='lat' dir='ltr'><strong>Quorum</strong></span> <span class='ocrx_word' id='word_1_228' title='bbox 1020 2030 1218 2083; x_wconf 87' lang='lat' dir='ltr'><strong>posterius</strong></span> <span class='ocrx_word' id='word_1_229' title='bbox 1263 2030 1410 2070; x_wconf 82' lang='lat' dir='ltr'><strong>factum</strong></span> <span class='ocrx_word' id='word_1_230' title='bbox 1454 2029 1606 2070; x_wconf 85' lang='lat' dir='ltr'><strong>videtur</strong></span> <span class='ocrx_word' id='word_1_231' title='bbox 1639 2029 1682 2069; x_wconf 91' lang='lat' dir='ltr'><strong>in</strong></span> 
     </span>
     <span class='ocr_line' id='line_1_28' title="bbox 157 2096 1681 2152; baseline 0.001 -14"><span class='ocrx_word' id='word_1_232' title='bbox 157 2096 482 2146; x_wconf 88' lang='lat' dir='ltr'><strong>Prometheo,</strong></span> <span class='ocrx_word' id='word_1_233' title='bbox 525 2097 635 2138; x_wconf 86' lang='lat' dir='ltr'><strong>cuius</strong></span> <span class='ocrx_word' id='word_1_234' title='bbox 664 2097 886 2149; x_wconf 84' lang='lat' dir='ltr'><strong>tragoediae</strong></span> <span class='ocrx_word' id='word_1_235' title='bbox 923 2104 1094 2140; x_wconf 82' lang='lat' dir='ltr'><strong>extrema</strong></span> <span class='ocrx_word' id='word_1_236' title='bbox 1124 2105 1237 2152; x_wconf 87' lang='lat' dir='ltr'><strong>parte</strong></span> <span class='ocrx_word' id='word_1_237' title='bbox 1271 2099 1363 2139; x_wconf 89' lang='lat' dir='ltr'><strong>imis</strong></span> <span class='ocrx_word' id='word_1_238' title='bbox 1399 2109 1555 2140; x_wconf 89' lang='lat' dir='ltr'><strong>summa</strong></span> <span class='ocrx_word' id='word_1_239' title='bbox 1585 2111 1681 2140; x_wconf 90' lang='lat' dir='ltr'><strong>con·</strong></span> 
     </span>
     <span class='ocr_line' id='line_1_29' title="bbox 157 2166 1683 2221; baseline 0.002 -15"><span class='ocrx_word' id='word_1_240' title='bbox 157 2167 244 2206; x_wconf 82' lang='lat' dir='ltr'><strong>fusa</strong></span> <span class='ocrx_word' id='word_1_241' title='bbox 276 2171 494 2218; x_wconf 79' lang='lat' dir='ltr'><strong>cunctaque</strong></span> <span class='ocrx_word' id='word_1_242' title='bbox 523 2170 653 2207; x_wconf 88' lang='lat' dir='ltr'><strong>terrae</strong></span> <span class='ocrx_word' id='word_1_243' title='bbox 682 2166 833 2219; x_wconf 85' lang='lat' dir='ltr'><strong>gurgite</strong></span> <span class='ocrx_word' id='word_1_244' title='bbox 861 2167 1042 2208; x_wconf 86' lang='lat' dir='ltr'><strong>inhiante</strong></span> <span class='ocrx_word' id='word_1_245' title='bbox 1071 2169 1256 2209; x_wconf 85' lang='lat' dir='ltr'><strong>immersa</strong></span> <span class='ocrx_word' id='word_1_246' title='bbox 1287 2168 1565 2221; x_wconf 85' lang='lat' dir='ltr'><strong>conspicimus.</strong></span> <span class='ocrx_word' id='word_1_247' title='bbox 1614 2168 1683 2208; x_wconf 87' lang='lat' dir='ltr'><strong>Al-</strong></span> 
     </span>
     <span class='ocr_line' id='line_1_30' title="bbox 155 2234 1683 2283; baseline 0.003 -9"><span class='ocrx_word' id='word_1_248' title='bbox 155 2239 286 2275; x_wconf 87' lang='lat' dir='ltr'><strong>terum</strong></span> <span class='ocrx_word' id='word_1_249' title='bbox 314 2234 465 2275; x_wconf 85' lang='lat' dir='ltr'><strong>solebat</strong></span> <span class='ocrx_word' id='word_1_250' title='bbox 492 2234 589 2283; x_wconf 88' lang='lat' dir='ltr'><strong>fieri,</strong></span> <span class='ocrx_word' id='word_1_251' title='bbox 620 2235 689 2276; x_wconf 89' lang='lat' dir='ltr'><strong>ubi</strong></span> <span class='ocrx_word' id='word_1_252' title='bbox 721 2248 768 2276; x_wconf 84' lang='lat' dir='ltr'><strong>ex</strong></span> <span class='ocrx_word' id='word_1_253' title='bbox 798 2235 899 2276; x_wconf 89' lang='lat' dir='ltr'><strong>Orco</strong></span> <span class='ocrx_word' id='word_1_254' title='bbox 928 2237 971 2277; x_wconf 91' lang='lat' dir='ltr'><strong>in</strong></span> <span class='ocrx_word' id='word_1_255' title='bbox 1002 2243 1146 2278; x_wconf 86' lang='lat' dir='ltr'><strong>terram</strong></span> <span class='ocrx_word' id='word_1_256' title='bbox 1175 2238 1304 2279; x_wconf 87' lang='lat' dir='ltr'><strong>redire</strong></span> <span class='ocrx_word' id='word_1_257' title='bbox 1334 2237 1563 2278; x_wconf 85' lang='lat' dir='ltr'><strong>viderentur</strong></span> <span class='ocrx_word' id='word_1_258' title='bbox 1591 2250 1683 2278; x_wconf 92' lang='lat' dir='ltr'><strong>um-</strong></span> 
     </span>
     <span class='ocr_line' id='line_1_31' title="bbox 155 2303 1328 2356; baseline 0.004 -12"><span class='ocrx_word' id='word_1_259' title='bbox 155 2303 262 2353; x_wconf 88' lang='lat' dir='ltr'><strong>brae,</strong></span> <span class='ocrx_word' id='word_1_260' title='bbox 292 2303 412 2344; x_wconf 86' lang='lat' dir='ltr'><strong>veluti</strong></span> <span class='ocrx_word' id='word_1_261' title='bbox 442 2303 862 2356; x_wconf 80' lang='lat' dir='ltr'><strong>Clytaemnestrae</strong></span> <span class='ocrx_word' id='word_1_262' title='bbox 892 2306 935 2346; x_wconf 86' lang='lat' dir='ltr'><strong>in</strong></span> <span class='ocrx_word' id='word_1_263' title='bbox 963 2306 1328 2349; x_wconf 89' lang='lat' dir='ltr'><strong>Eumenidibus</strong></span> 
     </span>
    </p>

    <p class='ocr_par' dir='ltr' id='par_1_6' title="bbox 210 2371 623 2425">
     <span class='ocr_line' id='line_1_32' title="bbox 210 2371 623 2425; baseline 0 -13"><span class='ocrx_word' id='word_1_264' title='bbox 210 2385 245 2412; x_wconf 82' lang='lat' dir='ltr'><strong>v.</strong></span> <span class='ocrx_word' id='word_1_265' title='bbox 277 2371 344 2412; x_wconf 84' lang='lat'><strong>94.</strong></span> <span class='ocrx_word' id='word_1_266' title='bbox 376 2385 461 2425; x_wconf 91' lang='lat' dir='ltr'><strong>sqq.</strong></span> <span class='ocrx_word' id='word_1_267' title='bbox 493 2373 623 2425; x_wconf 80' lang='lat' dir='ltr'><strong>(Clyt.)</strong></span> 
     </span>
    </p>

    <p class='ocr_par' dir='ltr' id='par_1_7' title="bbox 269 2437 1302 2498">
     <span class='ocr_line' id='line_1_33' title="bbox 269 2437 1302 2498; baseline 0.006 -17"><span class='ocrx_word' id='word_1_268' title='bbox 269 2438 443 2482; x_wconf 58' lang='lat' dir='ltr'><strong>Eidon&#39;</strong></span> <span class='ocrx_word' id='word_1_269' title='bbox 475 2439 543 2489; x_wconf 78' lang='grc' dir='ltr'><strong><em>ἂν,</em></strong></span> <span class='ocrx_word' id='word_1_270' title='bbox 574 2437 652 2495; x_wconf 78' lang='grc' dir='ltr'><strong>ὦή,</strong></span> <span class='ocrx_word' id='word_1_271' title='bbox 683 2440 756 2483; x_wconf 77' lang='grc' dir='ltr'><strong><em>καὶ</em></strong></span> <span class='ocrx_word' id='word_1_272' title='bbox 787 2442 1110 2487; x_wconf 70' lang='grc' dir='ltr'><strong><em>καθευδουσῶν</em></strong></span> <span class='ocrx_word' id='word_1_273' title='bbox 1138 2447 1182 2486; x_wconf 76' lang='grc' dir='ltr'><strong>τί</strong></span> <span class='ocrx_word' id='word_1_274' title='bbox 1212 2444 1302 2498; x_wconf 84' lang='grc' dir='ltr'><strong><em>δεῖ,·</em></strong></span> 
     </span>
    </p>

    <p class='ocr_par' dir='ltr' id='par_1_8' title="bbox 260 2499 1169 2570">
     <span class='ocr_line' id='line_1_34' title="bbox 260 2499 1169 2570; baseline 0.007 -20"><span class='ocrx_word' id='word_1_275' title='bbox 260 2505 366 2564; x_wconf 80' lang='grc' dir='ltr'><strong>Ἐγώ</strong></span> <span class='ocrx_word' id='word_1_276' title='bbox 396 2506 437 2550; x_wconf 74' lang='grc' dir='ltr'><strong>δ’</strong></span> <span class='ocrx_word' id='word_1_277' title='bbox 466 2506 538 2565; x_wconf 77' lang='grc' dir='ltr'><strong>ὑφ’</strong></span> <span class='ocrx_word' id='word_1_278' title='bbox 569 2507 690 2565; x_wconf 76' lang='grc' dir='ltr'><strong><em>ὑμῶν</em></strong></span> <span class='ocrx_word' id='word_1_279' title='bbox 721 2505 799 2551; x_wconf 74' lang='grc' dir='ltr'><strong>ὧδ’</strong></span> <span class='ocrx_word' id='word_1_280' title='bbox 832 2499 1169 2570; x_wconf 68' lang='grc' dir='ltr'><strong><em>ἆπητιμασμὲνή</em></strong></span> 
     </span>
    </p>

    <p class='ocr_par' dir='ltr' id='par_1_9' title="bbox 258 2575 1251 2637">
     <span class='ocr_line' id='line_1_35' title="bbox 258 2575 1251 2637; baseline 0.006 -17"><span class='ocrx_word' id='word_1_281' title='bbox 258 2575 486 2620; x_wconf 75' lang='grc' dir='ltr'><strong><em>Ἄλλοισιν</em></strong></span> <span class='ocrx_word' id='word_1_282' title='bbox 515 2576 562 2620; x_wconf 73' lang='grc' dir='ltr'><strong>ἓν</strong></span> <span class='ocrx_word' id='word_1_283' title='bbox 590 2585 831 2634; x_wconf 76' lang='grc' dir='ltr'><strong><em>νεκροῖσιν,</em></strong></span> <span class='ocrx_word' id='word_1_284' title='bbox 864 2575 921 2622; x_wconf 84' lang='grc' dir='ltr'><strong>ὦν</strong></span> <span class='ocrx_word' id='word_1_285' title='bbox 948 2582 1030 2637; x_wconf 82' lang='grc' dir='ltr'><strong>μὲν</strong></span> <span class='ocrx_word' id='word_1_286' title='bbox 1060 2579 1251 2634; x_wconf 71' lang='grc' dir='ltr'><strong><em>ἔκτανον,</em></strong></span> 
     </span>
    </p>

    <p class='ocr_par' dir='ltr' id='par_1_10' title="bbox 260 2641 1214 2705">
     <span class='ocr_line' id='line_1_36' title="bbox 260 2641 1214 2705; baseline 0.006 -17"><span class='ocrx_word' id='word_1_287' title='bbox 260 2641 467 2695; x_wconf 84' lang='grc' dir='ltr'><strong><em>Ὄνειδος</em></strong></span> <span class='ocrx_word' id='word_1_288' title='bbox 496 2646 543 2689; x_wconf 76' lang='grc' dir='ltr'><strong>ἓν</strong></span> <span class='ocrx_word' id='word_1_289' title='bbox 573 2649 812 2703; x_wconf 75' lang='grc' dir='ltr'><strong><em>φθιτοῖσιν</em></strong></span> <span class='ocrx_word' id='word_1_290' title='bbox 844 2646 920 2691; x_wconf 78' lang='grc' dir='ltr'><strong><em>οὐκ</em></strong></span> <span class='ocrx_word' id='word_1_291' title='bbox 950 2649 1214 2705; x_wconf 77' lang='grc' dir='ltr'><strong><em>ἐκλείπεται,</em></strong></span> 
     </span>
    </p>

    <p class='ocr_par' dir='ltr' id='par_1_11' title="bbox 276 2711 780 2771">
     <span class='ocr_line' id='line_1_37' title="bbox 276 2711 780 2771; baseline 0.004 -15"><span class='ocrx_word' id='word_1_292' title='bbox 276 2715 483 2770; x_wconf 78' lang='grc' dir='ltr'><strong><em>Λῖσχρῶς</em></strong></span> <span class='ocrx_word' id='word_1_293' title='bbox 513 2711 559 2757; x_wconf 79' lang='grc' dir='ltr'><strong>δ’</strong></span> <span class='ocrx_word' id='word_1_294' title='bbox 591 2713 780 2771; x_wconf 78' lang='grc' dir='ltr'><strong><em>ἀλῶμαι·</em></strong></span> 
     </span>
    </p>
   </div>
   <div class='ocr_carea' id='block_1_4' title="bbox 158 2819 437 2826">
    <p class='ocr_par' dir='ltr' id='par_1_12' title="bbox 158 2819 437 2826">
     <span class='ocr_line' id='line_1_38' title="bbox 158 2819 437 2826; baseline 0 378"><span class='ocrx_word' id='word_1_295' title='bbox 158 2819 437 2826; x_wconf 95' lang='lat' dir='ltr'><strong> </strong></span> 
     </span>
    </p>
   </div>
   <div class='ocr_carea' id='block_1_5' title="bbox 159 2878 1677 2983">
    <p class='ocr_par' dir='ltr' id='par_1_13' title="bbox 159 2878 1677 2983">
     <span class='ocr_line' id='line_1_39' title="bbox 251 2878 1677 2930; baseline 0.005 -17"><span class='ocrx_word' id='word_1_296' title='bbox 251 2879 275 2921; x_wconf 86' lang='lat'><strong>¹)</strong></span> <span class='ocrx_word' id='word_1_297' title='bbox 300 2878 350 2913; x_wconf 78' lang='lat' dir='ltr'><strong>Cf.</strong></span> <span class='ocrx_word' id='word_1_298' title='bbox 374 2880 413 2913; x_wconf 79' lang='lat' dir='ltr'><strong>A.</strong></span> <span class='ocrx_word' id='word_1_299' title='bbox 438 2878 496 2914; x_wconf 89' lang='lat' dir='ltr'><strong>W.</strong></span> <span class='ocrx_word' id='word_1_300' title='bbox 522 2879 745 2925; x_wconf 84' lang='lat' dir='ltr'><strong>Schlegel,</strong></span> <span class='ocrx_word' id='word_1_301' title='bbox 776 2880 885 2915; x_wconf 80' lang='lat' dir='ltr'><strong>Ueber</strong></span> <span class='ocrx_word' id='word_1_302' title='bbox 912 2883 967 2916; x_wconf 81' lang='lat' dir='ltr'><strong>die</strong></span> <span class='ocrx_word' id='word_1_303' title='bbox 1004 2884 1178 2918; x_wconf 86' lang='lat' dir='ltr'><strong>scenische</strong></span> <span class='ocrx_word' id='word_1_304' title='bbox 1203 2885 1411 2928; x_wconf 82' lang='lat' dir='ltr'><strong>Anordnung</strong></span> <span class='ocrx_word' id='word_1_305' title='bbox 1442 2886 1500 2919; x_wconf 87' lang='lat' dir='ltr'><strong>des</strong></span> <span class='ocrx_word' id='word_1_306' title='bbox 1530 2887 1677 2930; x_wconf 81' lang='lat' dir='ltr'><strong>griechi-</strong></span> 
     </span>
     <span class='ocr_line' id='line_1_40' title="bbox 159 2936 810 2983; baseline 0.002 -13"><span class='ocrx_word' id='word_1_307' title='bbox 159 2936 262 2971; x_wconf 80' lang='lat' dir='ltr'><strong>schen</strong></span> <span class='ocrx_word' id='word_1_308' title='bbox 287 2937 450 2972; x_wconf 76' lang='lat' dir='ltr'><strong>Theaters</strong></span> <span class='ocrx_word' id='word_1_309' title='bbox 476 2938 499 2971; x_wconf 93' lang='lat'><strong>1.</strong></span> <span class='ocrx_word' id='word_1_310' title='bbox 526 2938 549 2971; x_wconf 87' lang='lat'><strong>1.</strong></span> <span class='ocrx_word' id='word_1_311' title='bbox 575 2950 605 2983; x_wconf 84' lang='lat' dir='ltr'><strong>p.</strong></span> <span class='ocrx_word' id='word_1_312' title='bbox 630 2939 705 2974; x_wconf 83' lang='lat'><strong>285.</strong></span> <span class='ocrx_word' id='word_1_313' title='bbox 730 2940 810 2975; x_wconf 87' lang='grc'><strong>286.</strong></span> 
     </span>
    </p>
   </div>
  </div>
 </body>
</html>
