2014 3204
895 180 1200 220 —116—

413 297 552 337 Postea
583 308 693 345 vero,
740 309 827 337 cum
873 297 949 337 iam
980 296 1246 337 artificiosiora
1274 297 1372 338 facta
1403 303 1533 339 essent
1567 300 1629 339 illa
1661 299 1807 340 cantic-a

300 367 510 420 minusque
540 365 734 419 simplices
756 371 886 406 essent
915 366 1032 406 etiam
1063 366 1278 407 saltationis
1308 367 1465 419 figurae,
1495 373 1641 408 utnon
1671 381 1808 410 omnes

296 442 458 488 possent
502 435 707 476 concinere
753 442 791 476 et
834 436 992 484 saltare,
1037 436 1230 488 segregari
1273 437 1474 489 paululum
1518 448 1679 478 necesse
1724 444 1808 479 erat

296 506 556 558 spectantium
587 505 879 546 multitudinem
915 505 962 545 ab
1006 505 1066 553 iis,
1113 506 1179 559 qui
1223 506 1321 546 circa
1366 519 1485 555 aram,
1531 506 1572 546 in
1615 519 1690 559 qua
1733 507 1807 548 deo

294 575 444 615 hostiae
477 575 757 624 mactabantur,
789 588 879 616 cum
910 582 1025 616 cantu
1068 576 1269 616 saltabant.
1328 575 1561 624 Accedebat,
1607 577 1712 629 quod
1756 588 1807 616 ne

295 644 442 685 cantica
472 644 629 698 quidem
661 645 745 697 ipsa
775 645 878 685 intra
906 644 1055 697 priores
1078 649 1399 697 argumentorum
1429 645 1527 686 fines
1548 645 1806 686 contineban-

294 718 372 761 tur,
403 714 470 754 sed
501 727 601 755 nova
632 715 818 767 quaedam
849 714 891 754 in
921 715 1163 755 orchestram
1206 714 1367 755 intravit
1397 727 1533 755 eorum
1580 714 1743 755 varietas
1786 726 1807 755 a

293 782 453 836 Dionysi
483 784 600 823 sacris
632 783 768 823 aliena.
828 783 963 837 Neque
993 784 1098 824 enim
1129 789 1173 824 ut
1201 788 1313 824 antea
1342 783 1499 836 Dionysi
1529 783 1647 824 solius
1676 783 1808 823 laudes

293 859 386 892 sunt
416 857 604 900 cantatae,
636 852 703 892 sed
735 853 896 893 aliorum
928 866 1083 906 quoque
1115 854 1277 894 deorum
1307 854 1551 906 heroumque
1581 866 1644 893 res
1675 857 1807 904 gestae

293 922 479 963 celebrari
508 927 603 963 sunt
633 927 803 975 coeptae.
855 922 962 969 Quae
992 923 1165 975 quamvis
1198 929 1236 963 et
1265 923 1348 976 ipsa
1379 923 1426 963 ad
1457 911 1675 975 augendum
1705 922 1806 962 illius

292 991 366 1038 dei,
399 991 508 1031 cuius
538 991 627 1031 festi
659 991 741 1031 dies
774 996 896 1038 erant,
928 992 1121 1032 honorem
1154 998 1286 1032 essent
1317 992 1507 1039 instituta,
1553 996 1686 1032 tamen
1716 1003 1805 1031 cum

291 1061 410 1101 sacris
442 1061 600 1113 quidem
631 1060 790 1113 Dionysi
830 1060 960 1101 minus
990 1061 1052 1101 illa
1085 1066 1193 1101 erant
1223 1061 1478 1111 coniunctal).
1539 1062 1625 1109 Quo
1656 1059 1804 1100 factum

291 1135 361 1179 cst,
393 1135 436 1170 ut
466 1130 588 1182 magis
619 1130 817 1183 magisque
838 1130 1114 1170 choreutarum
1145 1134 1460 1182 ceterorumque,
1493 1129 1559 1181 qui
1588 1141 1695 1169 sacra
1725 1129 1806 1168 fac-

289 1199 367 1238 turi
397 1199 572 1246 aderant‚
619 1199 920 1251 seiungerentur
965 1205 1003 1239 et
1046 1203 1177 1251 partes
1213 1204 1251 1238 et
1294 1199 1388 1239 loca.
1456 1198 1553 1238 Nam
1595 1211 1681 1238 cum
1727 1197 1804 1238 iam

289 1280 370 1308 non
402 1281 553 1317 omnes,
587 1274 628 1308 ut
658 1269 924 1321 superioribus
955 1267 1213 1320 temporibuS‚
1246 1267 1363 1307 deum
1393 1272 1511 1307 cantu
1541 1271 1656 1320 atque
1687 1266 1803 1308 salta-

288 1337 395 1377 tione
425 1337 675 1386 celebrarent,
707 1339 774 1379 sed
804 1339 932 1378 solum
963 1338 1001 1386 ii,
1034 1337 1099 1390 qui
1131 1342 1213 1377 arte
1245 1335 1403 1376 exerciti
1433 1335 1525 1376 satis
1556 1336 1673 1388 digne
1693 1336 1804 1376 vide-

287 1411 426 1446 rentur
458 1420 546 1446 eum
577 1407 716 1455 colere,
749 1408 867 1448 ceteri
897 1405 1160 1446 venerabundi
1191 1405 1372 1445 adessent
1400 1410 1619 1457 spectantes
1648 1410 1802 1445 tantum

289 1488 367 1523 eos,
415 1476 556 1528 quibus
601 1476 710 1529 quasi
740 1483 871 1529 partes
902 1488 992 1516 suas
1024 1475 1339 1523 demandassent,
1382 1480 1517 1514 natum
1562 1478 1622 1513 est
1662 1474 1801 1514 thea-

287 1549 434 1593 trum,
479 1545 518 1584 id
549 1550 608 1585 est
641 1550 770 1585 certus
801 1545 960 1598 quidam
991 1545 1100 1584 locus
1145 1555 1282 1584 eorum
1329 1543 1416 1583 usui
1461 1542 1690 1590 destinatus,
1734 1541 1815 1594 qui-

290 1614 500 1666 spectaturi
554 1620 820 1655 convenerant
871 1626 977 1654 sacra
1031 1619 1069 1653 et
1116 1625 1215 1665 quae
1266 1625 1355 1653 cum
1401 1612 1517 1652 sacris
1569 1611 1801 1651 coniunctae

290 1687 401 1722 crant
434 1683 542 1722 chori
572 1683 814 1730 saltationes,
847 1683 1116 1735 disiunctaque
1147 1686 1207 1722 est
1238 1694 1258 1721 a
1288 1682 1493 1722 theatro
1525 1680 1800 1720 orchestra.

292 1751 451 1792 Videtur
480 1757 611 1792 autem
643 1753 895 1805 perexiguum
927 1758 1078 1792 tantum
1111 1751 1278 1804 spatium
1310 1750 1535 1790 interfuisse
1556 1749 1660 1789 inter
1689 1748 1800 1789 thea-

290 1826 394 1861 trum
425 1826 463 1862 et
493 1822 746 1869 orchestram,
777 1821 881 1861 inter
912 1826 1150 1874 spectatores
1183 1824 1221 1860 et
1252 1820 1471 1867 choreutas,
1509 1823 1564 1867 ut,
1609 1818 1798 1871 quemad-

288 1891 451 1930 modum
481 1891 697 1943 antiquitus
729 1903 864 1931 omnes
893 1891 1080 1942 religione
1108 1890 1264 1931 fuerant
1294 1888 1517 1936 consociati,
1563 1887 1618 1927 sic
1663 1887 1799 1927 etiam—

288 1965 373 1999 tum
403 1960 513 2000 facile
558 1960 787 2000 viderentur
817 1959 925 2012 quasi
970 1959 1186 2000 coalescere
1231 1958 1403 1998 universi
1433 1956 1571 1997 Bacchi
1615 1956 1799 1997 cultores.

289 2029 409 2081 quue
452 2029 512 2069 vel
557 2042 602 2068 eo
648 2029 940 2081 quodammodo
984 2030 1252 2075 confirmatur,
1298 2027 1401 2079 quod
1447 2027 1714 2066 Romanorum
1759 2026 1799 2065 in

288 2097 460 2145 theatro,
499 2111 588 2138 cum
623 2098 664 2139 in
702 2099 898 2138 orchestra
932 2098 1136 2138 desiissent
1165 2097 1375 2137 choreutac
1404 2096 1545 2136 saltare
1576 2102 1613 2135 et
1643 2100 1799 2135 cantare

293 2178 505 2219 omnesque
536 2167 702 2207 scaenici
733 2179 813 2207 non
834 2167 973 2215 solum,
1003 2167 1069 2207 sed
1094 2165 1209 2206 etiam
1232 2166 1297 2218 qui
1328 2164 1523 2218 thymelici
1552 2164 1676 2204 vocati
1707 2169 1800 2204 sunt

290 2235 457 2275 artifices
487 2236 529 2275 in
559 2249 695 2278 scaena
727 2242 987 2282 versarentur,
1020 2235 1220 2276 orchestra
1251 2239 1288 2274 et
1317 2234 1399 2287 ipsa
1431 2245 1568 2274 rursus
1612 2233 1696 2274 data
1742 2237 1799 2273 est

288 2305 583 2358 spectatoribus.

399 2374 481 2414 Iam
508 2387 598 2415 vero
624 2387 704 2414 non
720 2376 846 2415 solum
865 2379 1093 2427 argumenta
1111 2373 1362 2419 canticorum,
1379 2372 1447 2412 sed
1464 2372 1581 2412 etiam
1597 2374 1726 2412 forma>
1738 2377 1797 2412 at-

290 2456 364 2496 que
394 2449 533 2484 natura
556 2457 693 2484 eorum
716 2450 775 2484 est
798 2449 959 2484 mutata.
1006 2442 1342 2492 Quemadmodum
1365 2441 1466 2481 enim
1491 2441 1639 2492 epicam
1659 2440 1797 2492 poesin

289 2513 439 2564 excepit
469 2513 618 2559 melica,
649 2513 704 2552 sic
734 2525 780 2552 ex
810 2512 946 2552 melica
991 2512 1161 2552 efssoruit
1192 2511 1410 2552 dramatica.
1472 2509 1585 2557 Quod
1632 2514 1674 2549 ut
1716 2521 1796 2549 non

289 2581 419 2620 minus
451 2587 509 2621 est
540 2587 700 2622 naturae
730 2587 1050 2629 consentaneum,
1096 2594 1213 2633 quam
1246 2580 1350 2632 quod
1380 2578 1589 2631 pueritiam
1621 2578 1797 2630 sequitur

289 2651 560 2699 adolescentia,
591 2650 894 2692 adolescentiam
923 2650 1103 2689 iuventus
1134 2649 1363 2700 firmataque
1393 2647 1566 2688 virorum
1597 2653 1712 2696 aetas,
1743 2647 1795 2687 ita

382 2814 402 2853 ¹)
429 2812 572 2845 Suida
590 2824 604 2844 s
631 2807 738 2846 οὐδὲν
756 2809 847 2858 πρὸς
872 2807 936 2843 τὸν
952 2802 1141 2844 Διόνυσον.
1180 2809 1333 2851 Apostol.
1359 2807 1433 2843 XV.
1463 2807 1512 2841 13.
1541 2806 1637 2840 Phot.
1661 2818 1691 2850 p.
1717 2807 1793 2840 357.

288 2870 411 2903 Zenob.
437 2882 468 2903 v.
494 2870 548 2902 40.
574 2869 744 2903 Plutarch.
771 2879 912 2912 sympos.
939 2867 962 2901 Ι.
989 2868 1018 2900 5.
