2014 3204
690 257 1006 298 -203-

86 381 159 431 est,
187 376 259 417 sed
288 380 328 416 et
356 376 439 429 ipsa
470 389 518 416 ex
547 373 793 427 traegoediae
823 373 1009 427 antiquae
1039 377 1180 413 natura
1201 376 1241 411 et
1260 370 1500 424 proprietate
1521 382 1615 424 pro-

84 444 198 485 feem.
248 444 363 492 Quod
393 456 482 484 eum
510 443 568 483 ita
595 443 661 489 sin
691 454 773 482 non
803 442 949 482 mirum
978 446 1050 488 est,
1081 440 1187 492 quod
1216 440 1258 479 in
1286 439 1520 480 recensione
1549 438 1614 478 illa

89 515 352 566 personarum
382 500 404 552 a
434 512 593 551 Polluce
634 511 733 550 facta
765 521 962 562 nusquam
991 508 1076 549 fere
1108 514 1234 548 certae
1248 508 1455 560 [quaedam
1486 507 1615 547 larvae

86 581 205 622 veluti
224 580 539 634 Agamemnonis,
571 580 900 632 Clytaemnestrae
921 579 1297 623 commemorantur,
1327 576 1396 615 sed
1417 575 1464 615 ad
1487 586 1614 615 unum

89 649 238 698 omnia,
268 661 368 701 quae
397 648 628 694 afferuntur,
657 658 847 699 generum
878 648 975 686 'sunt
1004 645 1177 686 nomina.
1219 644 1490 684 Memorantur
1510 640 1615 680 enim

86 717 206 759 Poll.
256 717 419 758 onom.
465 716 524 755 lV.
560 715 781 755 133-142
820 712 946 767 περὶ
991 710 1298 766 προσώπων
1341 708 1616 764 τραγικῶν

86 787 192 827 inter
221 786 399 837 *tragicas
430 797 638 837 personas,
684 783 860 836 primum
905 794 1047 823 senum
1092 784 1142 831 ἐξ
1175 779 1420 820 133—135:
1468 776 1616 830 ξυριὰς

86 848 211 908 οἷνήρ,
240 851 407 900 λευκὸς,
439 850 795 905 σπαρτοπόλιος·
843 850 978 904 μέλας
1007 846 1126 904 α’νὴρ,
1157 845 1263 902 ἀνὴρ
1295 845 1474 896 ξανθὸς,
1505 840 1616 898 ἀνὴρ

60 974 62 977 .
88 918 372 980 ξανθόιερος,
402 920 544 960 deinde
573 920 760 960 iuvenum
791 922 843 969 ξς
870 918 1113 959 135-137:
1146 915 1441 970 πάγχρηστος,
1474 908 1616 959 οὖλος,

87 985 330 1044 πείρουλος,
360 983 549 1037 ἁπαλὸς,
581 986 786 1041 πιναρὸς,
818 984 1019 1040 δεύτερος
1039 984 1243 1039 πιναρὸς,
1277 981 1430 1037 ὦχρός,
1462 979 1617 1034 πάρω-

85 1072 201 1114 χρος.
265 1057 499 1110 Sequuntur
541 1067 745 1096 servorum
790 1055 918 1097 larvae
962 1058 1013 1105 ἐξ
1063 1053 1307 1096 137—-1382
1358 1051 1615 1105 διφθερίας,

86 1122 411 1182 σφηνοπώγων,
442 1118 664 1177 α’νάσιμος
692 1129 733 1164 et
762 1124 973 1165 mulierum
1003 1126 1043 1173 (ξ
1075 1122 1336 1171 138-141):
1367 1118 1509 1161 πολιοὶ
1538 1133 1615 1158 κα-

83 1182 294 1248 τάκορος,
332 1190 517 1245 γρᾴδιον
557 1188 809 1246 ἐλεύθερον,
854 1188 1035 1246 γρᾴδιον
1078 1189 1316 1239 οἰκετικὸν,
1362 1199 1615 1243 μεοκουρον,

20 1262 23 1263 ’
88 1262 366 1317 διφθερῒτις,
399 1255 647 1314 κατάκομος
678 1258 808 1314 ὠχροὶ,
831 1256 1106 1315 πρόσφατος,
1132 1255 1339 1311 κούριμος
1361 1257 1616 1309 παρθένος).

88 1331 146 1371 Ex
176 1329 320 1384 quibus
351 1328 540 1370 omnibus
568 1329 680 1369 facile
708 1329 960 1381 intellegitur,
1003 1340 1076 1381 pro
1115 1332 1308 1373 aetatum,
1352 1325 1614 1374 fortunarum,

86 1396 310 1437 animorum
352 1396 577 1437 diversitate
613 1397 784 1438 diversas
813 1397 935 1438 fuisse
965 1408 1164 1450 personas.
1225 1394 1452 1435 Accuratius
1483 1396 1638 1433 autem«

90 1465 127 1505 si
152 1464 404 1517 inquirimus.
448 1466 584 1518 quales
612 1466 699 1506 illae
728 1465 888 1514 fuerint,
934 1469 1037 1510 tues
1066 1477 1235 1506 earum
1264 1467 1431 1517 partes
1461 1461 1614 1502 inveni-

89 1537 225 1581 untur,
256 1545 426 1586 quorum
458 1534 618 1585 vestigia
639 1533 718 1574 iam
738 1533 781 1573 in
801 1533 848 1573 iis
870 1532 989 1574 medii
1010 1533 1165 1586 generis
1195 1537 1384 1586 apparent
1414 1530 1616 1583 exemplis,

87 1601 262 1654 quaein
291 1601 420 1642 tabula
466 1602 594 1654 lapide
643 1602 765 1643 incisa
794 1602 1089 1655 proposuimus.
1147 1601 1196 1640 Et
1239 1600 1412 1640 infima
1454 1597 1616 1651 quidem

87 1681 191 1722 parS,
236 1681 337 1723 quae
377 1676 557 1710 mentum
587 1671 684 1723 tegit
714 1676 754 1710 et
781 1683 910 1723 usque
940 1671 986 1710 ad
1018 1682 1159 1710 nasum
1190 1668 1429 1721 porrigitur,
1472 1665 1617 1706 barbae

89 1738 273 1791 inprimis
303 1739 544 1791 proprietate
575 1746 635 1779 est
665 1738 847 1780 distincta
861 1738 919 1791 1)τ,
948 1739 991 1779 in
1021 1738 1188 1778 altera
1217 1742 1342 1789 parte,
1373 1749 1450 1788 qua
1483 1735 1615 1775 velan-

87 1812 174 1855 tur,
219 1818 320 1860 quae
357 1807 457 1847 circa
489 1807 624 1847 oculos
653 1813 774 1854 sunt,
819 1807 996 1847 colorum
1027 1806 1197 1846 maxime
1227 1805 1413 1845 varietate
1442 1809 1616 1844 aetatum

88 1887 327 1926 morumque
358 1874 575 1916 differentia
597 1881 657 1916 est
678 1876 922 1929 expressa²)3
952 1876 1103 1917 tertia
1125 1875 1295 1927 denique
1317 1885 1440 1925 eaque
1459 1883 1616 1912 summa

90 2001 333 2036 GrIechisehen
357 2001 552 2034 Litteratur
575 2001 635 2034 Th.
660 2000 698 2035 11.
723 2013 755 2046 p.
782 2002 848 2035 639
873 2012 948 2045 sqq:
973 2002 1045 2034 Den
1069 2000 1259 2034 Absclzluss
1281 2000 1340 2033 des
1355 1998 1617 2044 sremdartigen

90 2058 291 2093 Schmuckes
322 2059 394 2102 gub
423 2058 478 2091 die
509 2059 683 2101 tragische
709 2056 865 2100 Μαελτο,
896 2058 951 2092 die
974 2069 1069 2092 zwar
1097 2060 1189 2092 nieht
1209 2059 1319 2102 gleiclt
1342 2056 1403 2089 der
1425 2056 1616 2089 leontis-chen

88 2115 258 2150 enimder
270 2116 517 2160 sratzenlmste
539 2115 858 2158 Phantasiegehc'lde
882 2111 962 2149 oder
984 2117 1195 2148 momentano
1217 2114 1367 2158 thm‘en
1390 2116 1483 2148 einer
1498 2113 1618 2156 vielge-

89 2171 253 2216 stauigen
278 2171 545 2206 Charakteristik
569 2173 604 2204 in
627 2173 780 2205 rust-hem
806 2171 961 2206 Wecksel
982 2172 1168 2215 vorfft'c'hrle,
1191 2171 1282 2204 wohl
1303 2173 1382 2205 aber
1402 2172 1489 2204 nach
1505 2170 1617 2213 Kartg,

21 2270 28 2272 „
89 2227 354 2263 Perso'nliclzloeit
377 2228 449 2261 und
470 2227 683 2262 Lebensalter
708 2230 779 2261 eine
801 2229 905 2263 Reilne
927 2229 1237 2273 sellarsgepriigter
1266 2228 1379 2274 Typen
1402 2230 1525 2273 fioeirte
1547 2227 1620 2260 und

90 2286 146 2319 die
168 2285 352 2318 bekannten
375 2283 471 2328 Ziige
494 2284 553 2318 der
569 2285 803 2329 Schauspieler
826 2287 982 2328 verbarg,
999 2287 1123 2319 mithin
1141 2285 1201 2320 der
1216 2287 1451 2330 unpoetisclwn
1468 2283 1618 2328 Neugier

88 2342 162 2376 und
181 2342 258 2375 dem
284 2342 322 2375 V
319 2341 512 2384 ordi-[ingen
536 2341 635 2374 eiller
656 2341 887 2386 Subjbcte‘vudt
910 2342 995 2376 allen
1020 2343 1151 2376 Aula-rs
1174 2346 1303 2387 entzog.

182 2399 211 2441 ¹)
234 2398 284 2433 Cf.
310 2399 418 2432 Poll.
447 2399 581 2431 Onam.
609 2399 683 2433 133.
710 2397 751 2432 τὸ
777 2399 815 2434 δὲ
837 2401 990 2444 γένειον,
1015 2399 1146 2446 ἐνχρῷ
1162 2402 1308 2446 κουρίας
1328 2397 1426 2434 ἐστὶν
1445 2397 1464 2433 ὁ
1486 2400 1617 2445 ξυρίας.

90 2457 146 2491 Ν.
164 2454 287 2490 134.Ὀ
301 2454 339 2490 δὲ
351 2452 578 2502 λευκὸςᾰνὴρ
591 2454 665 2492 πᾶς
675 2456 745 2501 μέν
757 2454 831 2489 ἐστι
845 2451 969 2494 πολιός
981 2482 988 2490 .
1006 2481 1015 2490 .
1027 2455 1138 2491 καὶτὸ
1150 2457 1291 2502 γένειον
1304 2451 1477 2501 πεπηγός.
1490 2453 1562 2489 -ὀ
1577 2454 1617 2489 δὲ

89 2515 199 2558 μέλας
213 2511 305 2560 ἀνὴρ
318 2514 350 2553 .{.
363 2506 467 2549 οὖλος
482 2510 523 2544 τὸ
540 2512 693 2555 γένειον.
713 2513 787 2547 135.
802 2510 841 2549 Ὁ
856 2512 897 2548 δὲ
913 2509 1159 2560 πάγχρηστος,
1183 2506 1431 2559 πρεσβύτατος
1445 2513 1515 2548 τῶν
1537 2523 1619 2547 νεα-

90 2573 226 2605 νίσκων
239 2565 371 2614 ἇγένε
382 2581 421 2602 ιο
432 2580 457 2606 ς.
480 2570 555 2604 138.
572 2567 592 2603 o‘
609 2568 647 2604 δὲ
662 2566 844 2615 ἇνάσιμος
868 2595 875 2603 .
901 2594 910 2603 .
936 2563 1098 2616 ἇγένειός
1121 2569 1231 2605 ἐστιν.
1260 2570 1334 2603 137.
1351 2564 1616 2614 σᾳηνοπώγων.

182 2628 209 2669 ²)
232 2626 283 2660 Cf.
319 2626 424 2660 Poll.
461 2627 598 2660 Onom.
634 2626 689 2660 1v.
729 2626 803 2660 134.
838 2624 875 2661 Ὁ
906 2627 945 2662 δὲ
973 2626 1096 2666 λευκὸς
1125 2625 1216 2674 ἀνὴρ
1240 2652 1248 2660 .
1273 2651 1282 2660 .
1307 2622 1542 2672 παράλευκον
1576 2625 1616 2660 τὸ

86 2684 232 2730 χρῶμα.
256 2702 301 2709 —-
324 2680 346 2717 ὅ
369 2694 409 2728 γε
431 2681 507 2729 μὴν
524 2682 798 2728 σπαρῐοπόλιος
821 2708 829 2716 .
858 2709 865 2716 .
890 2685 1000 2728 μέλας
1023 2683 1100 2718 ἐστὶ
1123 2685 1184 2717 καὶ
1199 2681 1381 2729 ὕπωχρος·
1408 2680 1429 2715 ὁ
1453 2682 1491 2717 δὲ
1504 2684 1619 2728 μέλας

93 2738 187 2787 ἀνὴρ
210 2765 219 2773 .
244 2764 255 2773 .
278 2738 413 2787 τραχὺς
436 2737 478 2774 τὸ
503 2737 713 2787 πρόσωπον.
742 2740 815 2774 135.
844 2737 864 2774 ὁ
891 2739 931 2774 δὲ
957 2738 1091 2779 ξανθὸς
1120 2736 1212 2786 ἀνὴρ
1237 2764 1245 2772 .
1272 2765 1279 2773 .
1306 2763 1314 2772 .
1341 2735 1505 2785 εὔχρους·
1529 2737 1550 2773 ὁ
1576 2739 1618 2773 δὲ

94 2794 323 2844 ξανθότερος,
354 2795 395 2830 τὰ
428 2797 498 2842 μὲν
522 2795 612 2832 ἄλλα
638 2796 809 2843 ὕπωχρος
832 2797 869 2832 δέ
891 2799 1047 2843 μᾶλλον,
1081 2797 1141 2830 καὶ
1165 2796 1273 2838 δηλοῖ
1292 2797 1506 2833 νοσοῦντας·
1531 2795 1551 2829 ὁ
1576 2795 1618 2830 δὲ

0 2867 26 2903 j·
92 2849 326 2899 πάγχρησιος
354 2873 392 2878 -
417 2850 579 2898 εἴχροις,
602 2851 875 2899 μελαινόμενος.
904 2856 979 2889 136.
1002 2853 1040 2889 Ὁ
1062 2852 1099 2888 δὲ
1125 2849 1242 2896 οὖλος,
1268 2877 1276 2885 .
1297 2876 1303 2883 .
1329 2848 1463 2899 ὀφρύες
1493 2849 1618 2887 ἀνατέ-

93 2921 227 2952 τανῐαι,
250 2909 425 2957 βλοσυρὸς
448 2909 489 2944 τὸ
514 2909 621 2948 εἶδος.
650 2912 724 2944 136.
751 2909 769 2944 ὁ
796 2910 832 2944 δὲ
858 2908 1002 2948 ἁπαλὸς
1025 2937 1034 2945 .
1060 2936 1068 2944 .
1093 2906 1319 2957 λευκόχρως,
1342 2905 1511 2955 ᾳαιδρός.
