2014 3204
923 205 1229 248 —162--

323 323 530 376 dissipatae
567 323 683 363 simul
718 328 810 363 sunt
849 323 965 364 ctiam
1004 324 1130 365 variae
1159 324 1263 374 illae,
1307 325 1450 379 quibus
1487 340 1571 367 eam
1609 327 1835 377 induerunt,

321 392 471 433 formae
515 397 553 432 et
597 391 785 432 mirabilia
826 392 993 446 denique
1045 394 1176 434 omnia
1219 395 1281 436 illa
1319 403 1565 446 commenta,
1607 410 1706 451 quae
1743 412 1834 440 cum

319 462 425 502 nullo
457 462 537 502 sint
563 467 739 503 veterum
771 462 998 503 testimonio
1019 463 1173 504 firmata
1203 464 1415 505 dolendum
1446 470 1507 506 est
1527 471 1607 507 tam
1636 467 1833 509 mordicus

320 544 341 571 a
370 531 460 572 viris
491 531 815 584 ingeniosissimis
853 545 939 573 esse
974 538 1139 574 retenta.
1199 533 1298 574 Nam
1328 534 1424 575 nihil
1452 535 1628 588 profecto
1661 547 1833 589 unquam

319 600 365 641 de
403 601 546 642 talibus
577 602 817 643 ornamentis
847 615 867 642 a
898 602 1091 643 veteribus
1120 602 1375 656 scriptoribus
1406 604 1584 652 traditur,
1622 617 1760 658 neque,
1789 610 1834 646 ut

319 670 366 711 de
396 671 487 711 solis
516 671 695 725 Aeschyli
726 671 934 724 tragoediis
964 672 1114 725 loquar,
1143 672 1313 725 thymele
1339 676 1406 714 aut-
1435 673 1740 725 Agamemnonis
1769 681 1835 715 tu-

322 739 452 781 mulus
482 741 556 781 fuit
586 740 628 781 in
659 741 941 794 Choephoris2)
982 747 1049 782 aut
1085 741 1124 781 in
1157 742 1406 795 Supplicibus
1428 747 1544 796 atquc
1563 743 1605 783 in
1625 743 1834 795 Agamem-

316 822 421 851 none
460 823 526 851 ara
555 810 727 851 Deorum
766 809 981 851 simulacris
1014 808 1212 860 ornata³)‚
1251 815 1319 851 aut
1355 811 1485 863 plures
1527 811 1625 852 circa
1666 824 1753 853 eam
1790 811 1832 853 in

316 879 609 931 Agamemnone
640 879 940 933 conspiciuntur
977 891 1065 919 arae
1094 879 1261 921 flammis
1292 885 1555 930 coruscantes,
1587 885 1654 922 aut
1683 881 1732 921 de
1762 880 1834 922 alia

315 949 446 1003 quavis
475 949 556 990 sive
587 950 810 990 orchestrae
838 948 916 989 sive
945 948 1138 1002 thymelae
1169 951 1436 999 exornatione,
1467 963 1564 1004 quae
1595 950 1753 1003 quidem
1784 950 1833 990 ad

313 1018 535 1060 scaenicum
565 1032 681 1060 usum
711 1019 905 1072 pertineat
918 1016 967 1069 4),
997 1024 1059 1060 est
1090 1018 1350 1071 cogitandum.
1402 1020 1480 1060 Sed
1508 1019 1726 1060 rectissime
1754 1018 1831 1060 iam

315 1088 466 1141 pridem
501 1088 754 1138 Genellius⁵)‚
785 1101 1010 1142 quanquam
1032 1101 1082 1130 ne
1102 1088 1187 1142 ipse
1218 1089 1375 1142 quidem
1398 1089 1471 1129 sibi
1491 1094 1654 1137 constat,
1683 1087 1830 1129 nullam

313 1157 435 1198 fuisse
466 1157 559 1198 dicit
597 1158 821 1199 orchestrae
856 1158 1172 1206 exornationem,
1211 1159 1280 1198 sed
1318 1158 1411 1210 quid
1449 1171 1603 1211 quaque
1632 1157 1675 1197 in
1702 1156 1831 1198 fabula

311 1226 384 1267 sibi
413 1227 516 1274 velit,
557 1240 605 1267 ex
644 1239 806 1268 scaenae
843 1226 941 1267 facie
976 1227 1177 1279 cognosci:
1231 1225 1333 1275 „Die
1365 1226 1567 1267 Orchestra
1596 1225 1727 1266 erhielt
1754 1233 1830 1267 erst

309 1295 387 1336 ihre
416 1295 633 1349 Bedeutunq
674 1296 791 1337 durch
826 1296 907 1337 ihre
952 1295 1167 1348 Beziehuny
1207 1296 1284 1348 auf
1322 1295 1379 1336 die
1413 1294 1659 1348 jedesmaliye
1699 1293 1827 1335 Scene.

311 1364 442 1406 Scellte
481 1365 577 1407 diese
607 1367 714 1406 einen
745 1365 873 1406 Palast
907 1365 998 1413 dar,
1037 1378 1107 1406 vor
1143 1364 1313 1405 welchem
1343 1365 1447 1405 darm
1477 1365 1544 1405 das
1572 1363 1729 1417 Loyeion
1757 1363 1829 1403 den

318 1434 567 1487 Vorderplatz
611 1435 700 1476 oder
746 1434 946 1488 yleichsam
990 1435 1047 1475 die
1092 1433 1123 1474 T
1122 1446 1267 1475 errasse
1312 1432 1464 1481 bildete,
1516 1445 1556 1473 so
1599 1433 1728 1473 wurde
1769 1432 1828 1472 die

308 1503 510 1544 Orchestra
545 1516 597 1544 zu
634 1505 752 1544 einem
785 1503 1019 1557 o'ffentlz'chen
1050 1503 1176 1550 Platz,
1213 1503 1370 1556 worauf
1401 1502 1468 1542 das
1504 1501 1594 1542 Vozk
1632 1500 1706 1541 sich
1735 1512 1827 1541 ver-

306 1572 497 1614 sammelte
543 1574 640 1613 scine
675 1571 977 1626 Anlz'eyenheiten
1026 1573 1108 1613 dem
1144 1571 1352 1613 Herrscher
1387 1578 1642 1623 vorzutraqen
1644 1599 1824 1609 .....

304 1641 407 1682 Eben
427 1654 468 1683 so
487 1641 642 1682 verhielt
664 1654 700 1682 es
720 1642 796 1682 sich
814 1645 882 1683 mic
898 1640 1009 1693 jeder
1029 1642 1196 1683 anderen
1216 1641 1345 1690 Scene,
1376 1640 1467 1681 ohne
1495 1640 1581 1680 dass
1602 1639 1658 1680 die
1681 1638 1826 1680 Orche-

306 1717 387 1752 stra
416 1711 549 1765 irqend
570 1713 674 1752 einer
695 1711 902 1753 besondern
922 1710 1241 1752 auszeichnenden
1265 1709 1491 1752 Decoratz'on
1512 1708 1666 1762 bedurft
1684 1709 1825 1750 hdtte.“

396 1836 421 1879 ¹)
447 1836 487 1871 cf.
522 1850 552 1883 p.
588 1840 661 1873 116.
799 1839 828 1881 ²)
853 1839 1063 1884 Droysen:
1100 1839 1184 1881 „Die
1212 1837 1376 1881 Thymele
1406 1837 1441 1870 in
1475 1837 1537 1870 der
1566 1836 1751 1871 Orchestra
1778 1834 1825 1870 ist

305 1895 409 1929 durch
436 1896 533 1930 einen
551 1897 774 1938 Aschenkrug
804 1897 856 1930 als
880 1898 1124 1939 Agamemnons
1152 1895 1242 1929 Grab
1267 1894 1501 1928 bezeichnet.“

395 1952 421 1995 ³)
447 1954 485 1987 Ο.
510 1955 682 1996 Miiller,
709 1954 850 1997 Anhang
873 1966 902 1988 z.
928 1955 958 1988 d.
976 1955 1101 1988 Buche:
1128 1954 1318 1998 Aeschylos
1340 1952 1546 1986 Eumeniden
1570 1963 1600 1996 p.
1620 1952 1678 1986 38:
1704 1961 1823 1995 „wenn

303 2011 368 2044 wir
392 2011 488 2045 Alles
525 2011 847 2055 zusammenfassen,
884 2023 920 2046 so
958 2012 1045 2045 wird
1080 2012 1153 2045 sich
1177 2011 1354 2045 vielleicht
1377 2010 1430 2043 die
1454 2010 1679 2054 Vorstellung
1700 2009 1823 2043 Beifall

304 2069 497 2111 erwerben,
521 2069 599 2102 dass
631 2070 667 2103 in
691 2069 811 2103 Aesch.
839 2070 1062 2113 Agamemnon
1095 2070 1150 2103 die
1180 2069 1344 2113 Thymele
1368 2069 1420 2102 als
1445 2069 1497 2102 die
1521 2069 1740 2112 κοινοβωμία
1763 2067 1824 2100 der

302 2125 528 2169 Argivischen
555 2127 666 2168 Agora
693 2127 972 2170 ausgeschmiickt
995 2127 1061 2160 und
1085 2127 1148 2160 mit
1170 2127 1309 2161 Bildern
1334 2127 1499 2162 verschen
1525 2124 1634 2159 war.“

394 2183 420 2224 ⁴¹)
446 2183 555 2216 Probe
579 2184 759 2218 tenendum
783 2190 847 2228 est,
873 2190 1009 2229 praeter
1033 2185 1222 2219 scaenicum
1248 2185 1347 2219 etiam
1372 2185 1474 2218 alium
1497 2183 1603 2217 fuisse
1627 2183 1821 2217 orchestrae

303 2251 410 2283 usum,
435 2241 470 2274 in
496 2252 615 2284 eaque,
642 2248 680 2275 ut
715 2243 846 2286 reliqua
883 2248 1020 2284 taceam,
1057 2243 1169 2287 populi
1209 2243 1387 2276 conciones
1424 2252 1499 2275 esse
1527 2241 1671 2275 habitas.
1716 2239 1762 2274 Et
1785 2241 1820 2274 in

301 2299 388 2332 hunc
413 2299 545 2342 quidem
568 2300 737 2343 publicum
761 2311 857 2333 usum
882 2300 1006 2334 statuis
1032 2310 1104 2333 eam
1130 2306 1282 2334 ornatam
1305 2300 1412 2334 fuisse
1436 2300 1579 2342 scimus,
1603 2298 1712 2334 veluti
1736 2298 1821 2332 Har-

301 2356 402 2390 modii
434 2361 467 2390 et
492 2358 737 2400 Aristogitonis
774 2357 816 2391 cf.
852 2358 1010 2391 Timaei
1041 2359 1168 2392 lexic.
1197 2354 1472 2404 Ὀρχήστρα·
1503 2354 1544 2391 τὸ
1574 2355 1641 2390 τοῦ
1663 2353 1819 2404 θεάτρου

300 2414 417 2458 μέσον
447 2416 589 2462 χωρίον
622 2417 683 2449 καὶ
718 2413 832 2453 τόπος
866 2413 1047 2461 ἐπιφανὴς
1072 2416 1122 2454 εἰς
1159 2411 1379 2462 πανήγυριν,
1410 2415 1502 2451 ἔνθα
1525 2412 1726 2461 ιΛρμοὸίου
1759 2413 1820 2446 κάὶ

300 2467 611 2518 ’.Αρισιογείτοιός
641 2473 786 2510 εἴκονες.
813 2473 862 2507 Cf.
888 2474 967 2507 Pau
980 2486 1063 2508 san.
1087 2473 1112 2508 Ι.
1139 2474 1191 2507 21.
1247 2473 1399 2518 [Neque
1430 2474 1564 2507 minus
1595 2473 1630 2506 si
1653 2472 1819 2506 scaeni-

302 2541 386 2562 cum
411 2540 525 2562 usum
550 2531 780 2574 exceperis
805 2542 923 2564 aram
949 2537 1160 2566 servatam
1185 2531 1321 2565 fuisse
1346 2533 1388 2565 in
1414 2531 1653 2565 orchestra
1674 2530 1820 2573 proba-

301 2587 386 2621 bile
412 2589 497 2629 est.]
547 2588 572 2632 ⁶)
597 2589 663 2622 Das
687 2587 833 2622 Theater
859 2600 901 2622 zu
919 2590 1040 2624 Athen.
1058 2589 1199 2634 Leipzig
1221 2590 1288 2622 und
1307 2588 1419 2622 Berlin
1446 2588 1542 2623 1818.
1567 2598 1599 2631 p.
1624 2587 1678 2620 71.
