2014 3204
908 231 1218 273 —146-

297 362 416 404 quem
445 361 575 402 regem
606 362 627 389 e
657 349 886 401 longInquo‚
915 348 1049 402 itaque
1079 362 1099 390 a
1120 349 1240 389 latere
1260 358 1422 390 scaenae
1451 349 1634 391 accedere
1655 349 1816 392 Danaus

301 419 532 473 pronuntiat.
562 432 596 459 v.
633 418 727 460 177.
1652 426 1654 428 ’

409 485 522 544 Ὁροῖ
550 484 685 537 κόνιν,
716 483 910 545 ἄναυδον
941 484 1126 539 ἄγγελον
1157 486 1357 543 στρατοῦ,

415 555 622 612 Σύριγγες
652 553 702 598 οὗ
733 556 917 610 σιγῶσιν
949 553 1221 611 ἀξονήλατοι·

302 627 378 668 Ara
409 633 555 680 autem,
585 627 633 667 ad
664 639 780 680 quam
811 626 1004 679 supplices
1045 627 1255 668 considunt
1284 627 1497 674 Danaides,
1530 625 1714 667 omnibus
1743 625 1823 668 Diis

300 697 552 750 popularibus
583 691 789 749 (οἷγιόνιοι
819 697 939 746 θεοί)
979 708 1100 746 sacra,
1147 697 1316 750 ideoque
1347 696 1650 750 κοινοβωμίαῑ)
1679 700 1824 744 vocata,

299 767 514 807 simulacris
543 778 680 807 eorum
711 771 827 819 atque
857 766 1087 819 insignibus
1119 766 1309 807 instructa
1339 772 1410 807 est.

356 849 391 877 v.
426 835 518 877 185.
550 849 635 889 sqq.
671 835 870 886 (Danaus).

411 902 616 959 ’Ἀμεινόν
645 902 737 945 ε’στι
768 901 932 952 πάντος
963 899 1123 954 οὕνεκ’,
1157 897 1196 944 οῗ
1226 900 1350 959 κόραι

419 971 606 1025 Πάγον
636 971 929 1028 προσίζειν
977 969 1159 1015 τῶνδ’
1210 968 1452 1032 ἀγωνίων
1481 972 1649 1013 θεῶν·

358 1056 394 1084 v·
429 1042 519 1084 188.
551 1055 635 1096 sqq.

410 1107 523 1154 Ἀλλ’
557 1108 615 1159 οἷς
643 1109 827 1163 τάχιστα
857 1111 978 1164 βᾶτε,
1011 1109 1085 1152 καὶ
1116 1109 1415 1166 λευκοστεφεῖς

415 1175 631 1235 Ἱκτηρίας,
664 1176 928 1232 ἀγάλματ’
960 1179 1185 1221 αἰδοίου
1216 1179 1368 1229 Διὸς,

412 1248 586 1304 Σεμνῶς
618 1246 799 1301 ἔχουσαι
830 1247 908 1289 διὰ
936 1249 1071 1304 χερῶν
1103 1246 1367 1303 συνωνύμων
1396 1264 1431 1289 κ.
1461 1263 1498 1289 τ.
1529 1247 1566 1289 λ.

360 1333 395 1360 v.
426 1318 520 1359 209.
554 1319 682 1369 (Dan.)

419 1387 507 1429 Καὶ
539 1386 676 1442 Ζηνὸς
707 1384 863 1442 ὄρνιν
892 1385 1054 1429 τόνδε
1084 1386 1160 1430 νῦν
1191 1385 1451 1442 κικλήσκετε.

360 1471 395 1499 v.
428 1457 524 1497 215.

410 1523 517 1581 Ὁρῶ
547 1526 800 1579 τρίαιναν
829 1523 1010 1579 τήνδε,
1044 1530 1226 1579 σημεῖον
1255 1523 1378 1565 θεοῦ.
1410 1538 1442 1564 v.
1474 1524 1566 1564 217.

358 1609 393 1636 v.
425 1595 520 1635 219.
555 1608 611 1647 sq.
645 1593 775 1645 (Dan.)

416 1659 943 1714 Πάντωνδᾶνοὲκτων
963 1661 1129 1704 τῶνδε
1159 1663 1528 1717 κοινοβωμίαν

417 1728 595 1787 σέβεσθ’
615 1763 623 1772 .
645 1765 652 1773 .
671 1765 708 1775 ..

359 1815 393 1843 v.
427 1802 521 1843 238.
554 1803 688 1854 (Rex.)

420 1868 590 1910 Κλάδοι
623 1886 670 1923 γε
700 1869 779 1925 μὲν
810 1869 862 1925 δή
894 1869 1003 1911 κατὰ
1030 1869 1189 1925 νόμους
1220 1864 1470 1926 ἀφικτόρων

420 1941 603 1980 Κεῖνται
633 1938 735 1994 παρ’
767 1946 873 1994 υμῖν
910 1937 1021 1994 πρὸς
1057 1940 1220 1987 θεοῖς
1259 1935 1521 1990 ἀγωνίοις
1557 1940 1606 1978 cf.
1642 1950 1677 1978 v.
1724 1935 1815 1977 328.

493 2008 588 2050 349.
622 2009 716 2050 367.

359 2091 393 2118 v.
426 2077 507 2119 423
540 2092 623 2132 sqq.
658 2079 854 2129 (Chorus).

417 2145 540 2202 Μήτι
571 2146 672 2205 τλῇς
701 2145 781 2188 τὰν
812 2144 948 2188 ἱκέτιν
978 2145 1164 2188 εἰσιδεῖν

407 2213 517 2260 Ἀπὸ
549 2212 777 2271 βρετέων
807 2217 886 2270 βίᾳ

414 2287 552 2334 Δίκας
583 2282 803 2340 ἀγομέναν
834 2300 870 2326 κ.
902 2299 938 2324 τ.
969 2282 1006 2324 λ.

353 2366 389 2395 v.
421 2353 517 2395 458.
547 2367 634 2407 sqq.
667 2354 817 2404 (Chor.)

409 2424 540 2471 Νέοις
570 2421 724 2470 πίναξι
756 2423 949 2477 βρέτεα
981 2421 1201 2476 κοσμῆσαι
1233 2418 1370 2462 τάδε.

412 2493 538 2541 Quam
569 2505 674 2533 aram
704 2504 785 2532 non
814 2492 854 2532 in
886 2492 1086 2532 orchestra
1117 2491 1285 2544 positam
1315 2491 1450 2538 fuisse,
1496 2490 1563 2530 sed
1593 2489 1635 2529 in
1665 2500 1816 2537 scaena,

294 2562 606 2603 manifestissime
637 2566 832 2602 testantur
863 2573 896 2600 v.
933 2560 1012 2600 601
1047 2574 1146 2613 sqq,
1180 2560 1393 2601 dummodo
1434 2571 1484 2599 ne
1530 2558 1816 2608 obliviscamur,

295 2631 506 2672 histriones
537 2643 694 2684 semper
724 2644 770 2671 ex
801 2642 965 2670 scaenae
997 2631 1143 2682 parodo
1174 2630 1215 2670 in
1260 2641 1440 2670 scaenam
1484 2628 1689 2682 prodiisse,
1735 2640 1817 2669 non

295 2706 341 2740 ut
368 2701 544 2753 plerique
574 2705 791 2741 statuerant
820 2712 890 2752 per
937 2700 1177 2740 orchestram
1222 2698 1264 2739 in
1303 2710 1483 2739 scaenam
1515 2688 1818 2747 adscendisse2).

386 2805 413 2846 ¹)
440 2803 488 2838 cf.
513 2805 548 2838 C.
579 2804 617 2838 F.
647 2805 871 2847 Hermann,
914 2803 1092 2837 Lehrbuch
1125 2803 1184 2837 der
1216 2802 1553 2845 gottesdieustlichen
1587 2801 1818 2836 Alterthiimer

317 2887 323 2895 .
351 2862 402 2895 75.
1665 2869 1667 2872 ·

292 2871 312 2905 Ρ
383 2919 409 2963 ²)
437 2919 485 2954 Cf.
510 2931 540 2964 p.
569 2920 644 2953 119.
673 2921 745 2955 120.
