2014 3204
157 384 341 432 tempore
370 380 476 420 inter
505 380 743 420 cantandum
775 392 867 420 cum
897 381 1016 420 choro
1046 381 1311 421 contulissent
1340 393 1561 429 sermones,
1594 394 1686 421 mox

159 447 333 488 diverbia
355 449 547 501 quaedam
569 461 689 501 opera
709 449 840 489 dedita
863 453 1026 500 arteque
1046 450 1261 501 composita
1292 450 1534 490 carminibus
1555 451 1684 489 inter-

156 515 344 556 serebant
374 516 641 568 seiunctisque
671 515 780 556 chori
810 523 849 555 et
878 515 1081 556 histrionis
1110 517 1289 569 partibus
1319 518 1507 558 dramatis
1537 518 1683 558 funda-

157 589 291 624 menta
320 584 525 624 iaciebant.
582 583 742 623 Etenim
772 589 911 623 auctus
942 590 1001 623 est
1044 584 1228 636 deinceps
1266 590 1442 625 actorum
1480 598 1683 633 numeruS,

157 652 336 692 traducta
379 665 442 692 res
479 667 501 693 a
530 653 703 704 Dionyso
743 652 790 691 ad
835 657 987 691 ceteros
1018 652 1137 699 Deos,
1181 653 1341 700 heroes,
1388 654 1528 705 triplex
1558 650 1686 694 extitit

156 720 289 772 poesis
319 721 554 761 dramaticae
583 733 726 772 genus,
762 719 974 771 tragicum,
1012 720 1242 772 satyricum,
1274 721 1483 761 comicum.
1542 723 1684 774 Atque,

156 789 491 840 quemadmodum
508 789 610 842 apud
629 789 889 829 Athenienses
908 788 992 839 ipsa
1009 789 1159 828 exculta
1176 795 1235 828 est
1251 789 1469 829 fabularum
1488 795 1624 829 natura
1641 804 1686 830 ac

156 855 375 903 diversitas,
403 857 460 897 sic
494 863 653 897 externa
675 869 834 910 quoque
857 862 1004 896 mutata
1030 864 1087 897 est
1113 858 1425 909 spectaculorum
1450 858 1561 897 ratio.
1608 859 1686 898 Ex-

156 930 306 965 structa
323 925 429 964 enim
451 938 605 973 scaena,
636 926 809 978 primum
832 925 872 964 in
902 931 1059 977 tempus
1080 926 1143 965 illa
1165 925 1340 978 quidem,
1361 932 1400 965 et
1419 926 1611 974 subitarii‚
1644 933 1687 966 ut

155 991 281 1032 Taciti
300 992 461 1042 verbis1)
487 999 587 1039 utar,
604 994 759 1045 gradus,
776 1006 858 1033 non
875 994 999 1033 multo
1015 1001 1120 1046 post,
1136 1007 1226 1034 cum
1244 995 1433 1047 Aeschylo
1450 995 1687 1047 Pratinaque

157 1059 309 1100 fabulas
329 1060 560 1101 docentibus
583 1060 859 1110 corruissent³)
887 1062 1011 1112 lignea
1033 1063 1095 1102 illa
1126 1075 1225 1114 quae
1252 1064 1491 1103 vocabantur
1516 1063 1687 1115 ἴκριαῖ),

157 1141 207 1169 ex
242 1128 369 1180 lapide
407 1135 589 1182 coeptum
631 1135 691 1169 est
721 1130 915 1170 aedificari
962 1132 1176 1178 theatrum,
1220 1131 1261 1170 in
1306 1144 1384 1183 quo
1430 1143 1512 1170 non
1556 1132 1685 1171 solum

156 1197 311 1239 fabulae
342 1198 574 1245 ederentur,
611 1199 679 1238 sed
712 1199 828 1239 etiam
875 1199 1006 1251 cyclici
1050 1205 1094 1239 ut
1137 1204 1252 1238 antea
1297 1200 1536 1239 ducerentur
1575 1199 1686 1239 chori

157 1266 371 1319 omniaque
401 1267 572 1319 denique
603 1267 743 1307 fierent
772 1280 905 1307 rerum
936 1268 1176 1308 musicarum
1210 1267 1436 1307 certamina.

270 1335 349 1375 Sed
380 1336 565 1388 quoniam
598 1341 676 1375 tota
707 1349 771 1376 res
802 1337 980 1376 scaenica
1023 1349 1070 1375 ex
1100 1336 1273 1388 Dionysii
1303 1337 1423 1376 sacris
1461 1341 1546 1376 orta
1591 1341 1686 1383 erat,

157 1403 344 1443 manebat
373 1403 415 1443 in
446 1404 600 1443 theatro
631 1403 797 1455 pristina
828 1404 890 1443 dei
921 1404 1071 1455 religio.
1121 1406 1301 1456 Namque
1329 1417 1420 1444 cum
1452 1410 1531 1444 tres
1562 1404 1687 1444 factae

157 1476 295 1511 essent
322 1471 464 1511 theatri
494 1476 648 1524 partes,
693 1484 771 1511 una
808 1479 1005 1519 actorum,
1051 1486 1150 1525 quae
1180 1478 1343 1513 vocatur
1371 1485 1530 1519 scaena,
1566 1473 1686 1512 altera

156 1539 287 1587 chori,
324 1552 425 1592 quae
454 1540 686 1580 nominatur
725 1541 946 1587 orchestra,
991 1541 1107 1581 tertia
1143 1546 1429 1593 spectatorum,
1477 1540 1581 1592 quod
1627 1545 1688 1580 est

155 1598 376 1656 theatrum,
417 1613 455 1648 et
484 1620 574 1647 cum
605 1608 818 1660 primordia
849 1609 983 1660 poesis
1021 1610 1256 1649 dramaticae
1291 1622 1312 1649 a
1350 1609 1469 1648 choro
1506 1609 1686 1648 instituta

157 1682 305 1724 essent,
335 1676 378 1716 in
409 1677 552 1723 media,
582 1689 681 1728 quae
702 1677 810 1716 chori
841 1683 915 1723 est,
946 1683 1057 1730 parte
1080 1678 1262 1718 collocata
1293 1683 1352 1717 est
1374 1690 1438 1716 ara
1470 1677 1687 1729 (thymele),

157 1746 260 1786 circa
291 1758 408 1798 quam
440 1745 628 1784 saltantes
658 1745 784 1785 Deum
817 1745 1057 1786 carminibus
1088 1745 1348 1785 celebrabant.

271 1814 328 1853 Cf.
360 1813 546 1853 Polluc.
585 1813 887 1854 Onomastic.
928 1815 987 1853 lv.
1023 1814 1115 1854 123.
1156 1812 1229 1853 καὶ
1268 1811 1403 1867 σκηνή
1447 1809 1528 1864 μὲν
1571 1806 1687 1853 ὕπο-

268 1881 433 1934 nem&
461 1880 600 1922 ἴδιον·
645 1878 674 1936 ἡ
704 1881 761 1922 δὲ
791 1878 1055 1935 ὀρχήστρα
1085 1882 1178 1922 τοῦ
1206 1881 1398 1933 χοροῦ,
1444 1879 1497 1922 ἓν
1535 1875 1561 1938 ᾖ
1597 1877 1687 1920 καὶ

270 1947 296 2005 ἡ
327 1948 557 2003 θυμέλη,
589 1943 678 1989 εἴτε
707 1948 827 2003 βῆμά
856 1965 900 1990 τι
931 1947 1054 2001 οὖσα,
1081 1951 1179 1990 -εἴτε
1208 1947 1371 2003 βωμός.
1433 1950 1598 1989 Schol.
1630 1949 1686 1989 ad

269 2019 474 2058 Aristid.
521 2018 566 2057 T.
611 2018 675 2057 ΙΙΙ.
711 2031 749 2070 p.
798 2018 891 2058 535.
938 2018 1034 2058 536.
1081 2019 1147 2058 ed.
1193 2018 1410 2057 Dindorf
1448 2016 1540 2071 τὴν
1583 2016 1686 2073 πρὸ

270 2082 533 2140 θεάτρουε
552 2085 606 2126 ἐν
621 2087 680 2143 τῇ
698 2088 916 2141 κρείττονι
938 2085 1074 2133 τάξει.
1111 2089 1170 2126 Λ.
1189 2116 1198 2125 .
1215 2117 1224 2125 .
1243 2117 1252 2125 .
1273 2083 1457 2137 ἄμεινον
1473 2082 1553 2126 οὖν
1573 2083 1689 2141 ἡμᾶς

270 2152 617 2208 ἐξεργάσασθαι,
650 2150 733 2195 ὅτι
765 2151 992 2208 ὀχυρὸς,
1024 2150 1110 2194 ὅτε
1137 2151 1311 2211 εἰσῄει
1343 2152 1395 2193 ἓν
1422 2154 1481 2211 τῇ
1521 2151 1687 2209 ὀρχή-

271 2233 427 2276 στρᾳ,
458 2216 566 2279 ἧ(ᾗ)
588 2214 958 2277 ἕστιθυμέλη,
980 2221 1036 2269 ἐξ
1056 2218 1359 2275 ἀριστερῶν
1389 2218 1547 2277 αὗτῆς
1576 2223 1686 2270 εἶς-

272 2288 484 2345 ήρχετο,
517 2293 588 2329 ἵνα
620 2286 781 2344 εὑρεθῇ
811 2289 858 2330 ἐκ
888 2290 1045 2337 δεξιῶν
1074 2290 1151 2330 τοῦ
1182 2284 1403 2342 ἷίρχοντος.

156 2360 237 2400 lam
270 2371 359 2399 vero
390 2359 546 2398 etiamsi
576 2359 616 2397 in
646 2359 848 2399 orchestra
878 2359 1001 2400 fuisse
1041 2359 1240 2411 thymelen
1271 2359 1375 2398 inter
1412 2372 1552 2398 omnes
1590 2372 1685 2399 con-

158 2433 250 2475 stat,
281 2433 417 2467 tamen
449 2439 528 2479 quo
558 2428 644 2467 loco
688 2427 751 2466 illa
782 2428 900 2467 fuerit
937 2427 1087 2480 posita,
1133 2439 1234 2479 quae
1270 2427 1353 2467 eius
1390 2427 1512 2467 fuerit
1547 2427 1688 2474 forma,

251 2564 280 2606 ¹)
303 2564 455 2598 Taciti
479 2564 575 2597 Anu.
603 2564 693 2598 xlv.
723 2564 776 2597 20.

249 2621 280 2663 ²)
302 2621 449 2655 Liban.
481 2621 658 2665 Hypoth.
691 2621 898 2654 Demosth.
930 2622 1103 2665 Olynth.
1137 2621 1159 2654 Ι.
1187 2633 1218 2665 p.
1244 2622 1274 2654 8.
1312 2621 1427 2655 Reisk.
1481 2618 1547 2654 οὐκ
1582 2619 1687 2658 ὄντος

99 2698 103 2700 ⁷
159 2677 202 2712 τὸ
226 2676 391 2712 παλαιὸν
413 2676 569 2720 θεάτρου
593 2679 740 2712 λιθίνου
765 2675 851 2725 παρ’
888 2677 1022 2719 αὐτοῖς,
1058 2676 1149 2711 ἀλλὰ
1187 2679 1336 2716 ξυλίνων
1373 2679 1689 2722 συμπηγνυμένων

158 2735 294 2781 ἰκρίων.
341 2735 457 2768 Phot.
483 2747 514 2779 p.
542 2736 615 2769 106.
643 2736 673 2768 2.
699 2737 808 2778 ἴκρια,
832 2733 875 2768 τὰ
911 2735 950 2770 ἔν
983 2737 1027 2782 τῇ
1060 2733 1188 2782 ἀγορᾷ,
1224 2732 1286 2779 ἀφ’
1326 2726 1377 2768 ὧν
1410 2735 1568 2769 ἐθεῶντο
1604 2732 1688 2771 τοὺς

159 2792 426 2829 Διονυσιακοὺς
448 2788 593 2836 ἀγῶνας
617 2792 706 2839 πρὶν
739 2790 761 2834 ἢ
785 2793 1125 2836 κατασκευασθῆναι
1160 2790 1202 2824 τὸ
1237 2791 1276 2825 ἐν
1299 2787 1484 2825 Διονύσου
1519 2793 1687 2838 θέατρον.

160 2849 256 2882 Suid.
280 2860 312 2881 v.
339 2850 446 2894 ἴκρια.
494 2849 650 2882 Eustath.
676 2849 798 2894 Odyss.
827 2852 859 2882 Γ
878 2861 907 2892 p.
936 2850 1033 2882 1472.

250 2903 279 2946 ³)
303 2905 395 2939 Suid.
420 2917 453 2939 v.
478 2903 665 2949 Αἰσχύλος
711 2911 746 2939 et
770 2917 803 2939 v.
828 2908 1024 2953 Πρατίνας.
