2014 3204
948 240 1230 279 ,48-

333 356 497 408 thyllum
560 355 721 394 comico.
802 355 961 394 Etenim
1026 355 1082 395 sic
1137 355 1273 395 statuit
1323 355 1611 396 Plutarchus
1659 357 1855 404 Quaest.

326 424 560 463 convival.
607 423 690 462 lib.
738 423 814 462 VII.
862 428 1045 475 quaest.
1087 423 1184 463 Vlll.
1217 424 1253 463 3.
1285 423 1334 462 de
1379 424 1586 476 utriusque
1630 425 1856 465 saltatione:

320 493 663 545 Ἀποπέμπω
695 488 743 530 δὲ
773 491 848 546 τῆς
878 488 1095 545 ὀρχήσεως
1139 490 1231 545 τήν
1264 489 1601 541 Πυλάδειον,
1647 486 1856 546 ὀγκώδη

327 559 415 600 καὶ
447 558 772 614 παθητικήν
802 555 876 599 καὶ
907 554 1307 613 πολυπρόσωπονι)
1351 555 1502 608 οὖσαν,
1543 559 1670 600 αἶδοῒ
1697 574 1745 601 τε
1772 561 1859 602 τῶν

327 628 556 682 ἐγκωμίων
586 627 766 668 ἐκείνων
797 624 826 667 ἃ
845 626 1078 681 Σωκράτης
1109 627 1211 682 περὶ
1243 625 1461 683 ὀρχήσεως
1492 627 1671 682 διῆλθε,
1703 627 1858 680 δέχο-

327 712 422 751 μαι
461 695 555 751 τὴν
585 693 938 736 Βαθύλλειον
979 690 1173 737 αὐτόθεν
1212 694 1419 746 πέζαν2),
1450 698 1543 738 τοῦ
1587 695 1859 752 κόρδακος

328 763 664 819 ἁπτομένην,
690 761 880 815 Ἠχοῦς
910 761 936 818 ἦ
966 778 1082 812 τινος
1117 763 1275 813 Πανὸς,
1315 763 1340 819 ἢ
1377 762 1574 819 Σατύρου
1612 764 1694 806 συν
1731 760 1860 820 ἔρωτι

327 831 605 888 κωμάζοντος
636 827 874 886 ὑπόρχημά
903 848 946 872 τι
978 831 1309 887 διατιθεμένην.
1369 835 1413 874 In
1454 847 1533 886 quo
1571 836 1676 886 quod
1719 835 1859 876 attinet

327 904 374 942 ad
418 902 606 953 tragicam
644 901 798 953 Pyladis
840 901 1111 950 saltationem,
1156 902 1196 942 id
1240 902 1319 941 iam
1365 903 1457 942 satis
1502 909 1561 943 est
1604 904 1857 944 illustratum.

328 971 532 1010 Comicum
564 974 696 1010 autem
729 983 748 1008 a
780 970 959 1022 Bathyllo
990 970 1170 1022 inprimis
1201 971 1350 1010 cultum
1382 972 1548 1011 saltandi
1588 985 1713 1023 genus
1756 971 1857 1011 exti-

326 1039 421 1078 tisse
450 1039 765 1079 luculentissime
788 1038 1009 1090 significant
1033 1039 1146 1079 verba
1168 1039 1245 1085 illa,
1278 1040 1422 1091 quibus
1454 1040 1539 1080 eius
1560 1041 1714 1080 saltatio
1745 1053 1797 1080 co
1809 1052 1858 1079 r-

329 1108 432 1147 daci
463 1108 631 1147 traditur
660 1107 783 1146 fuisse
814 1106 1044 1156 affinisss).
1091 1108 1199 1147 Idem
1231 1120 1395 1160 prorsus
1424 1109 1546 1148 refert
1576 1113 1711 1149 noster
1731 1109 1858 1150 Athe-

330 1176 415 1215 naei
446 1176 554 1215 locus
586 1176 613 1214 Ι.
645 1188 681 1227 p.
715 1176 780 1214 20.
813 1187 845 1214 e.
868 1166 922 1228 ἦν
944 1173 1047 1229 δὲῆ
1082 1175 1338 1216 Πυλάδου
1370 1174 1591 1229 ὄρχησις
1621 1174 1860 1231 ὀγκώδης

329 1240 615 1297 παθητική
636 1258 689 1283 τε
719 1242 809 1283 καὶ
833 1241 1215 1293 πολύκοπος4),
1239 1240 1264 1298 ἦ
1286 1243 1342 1284 δὲ
1363 1243 1710 1293 Βαθύλλειος
1739 1243 1860 1286 ἶλα-

329 1313 553 1366 ρωτέρα·
586 1311 659 1351 καὶ
690 1310 772 1366 γὰρ
802 1308 1039 1366 ὑπόρχημά
1067 1327 1110 1351 τι
1141 1312 1297 1352 τοῦτον
1327 1311 1642 1353 διατίθεσθαι.

444 1381 570 1427 Quem
604 1381 735 1420 locum
766 1381 850 1421 fere
880 1386 1010 1421 totum
1041 1395 1086 1420 ex
1117 1381 1328 1421 Plutarcho
1359 1393 1588 1432 expressum
1633 1394 1718 1422 esse
1749 1381 1861 1422 vide-

328 1462 430 1496 mus,
462 1449 531 1497 sic,
561 1455 606 1488 ut
635 1449 765 1501 priora
798 1450 958 1501 quidem
982 1449 1098 1489 verba
1129 1449 1294 1489 omnino
1325 1462 1414 1489 cum
1436 1450 1576 1489 eodem
1599 1451 1860 1490 consentiant.

330 1519 552 1558 Posteriora
584 1523 717 1558 autem
760 1516 848 1566 (καὶ
888 1516 971 1572 γὰρ
1018 1514 1303 1571 ὑπόρχημάτι
1351 1514 1506 1558 τοῦτον
1543 1516 1863 1568 διατίθεσθαι)

327 1587 488 1638 ineptus
521 1586 752 1638 compilator
783 1592 820 1626 ta
852 1586 1058 1634 mutilavit,
1091 1591 1135 1626 ut
1167 1599 1211 1626 ea
1242 1598 1363 1626 sensu
1392 1587 1509 1638 plane
1540 1591 1709 1627 careant.
1757 1587 1856 1627 Nam

331 1669 421 1695 cum
454 1655 702 1707 exposuisset
740 1655 787 1694 de
826 1655 976 1695 diversa
1006 1655 1162 1707 Pyladis
1204 1660 1242 1694 et
1279 1655 1444 1707 Bathylli
1484 1655 1651 1694 saltandi
1690 1655 1856 1702 ratione,

330 1724 494 1764 omnino
529 1723 703 1775 intellegi
751 1735 832 1763 non
876 1728 1022 1775 potest,
1070 1723 1163 1775 quid
1210 1723 1284 1763 sibi
1330 1723 1422 1763 velit
1466 1723 1696 1774 languidum
1741 1722 1857 1763 illud:

331 1793 458 1841 „Nam
493 1793 692 1844 Bathyllus
730 1792 993 1844 hyporchema
1032 1791 1210 1831 saltando
1248 1792 1425 1831 imitatus
1457 1795 1557 1830 est.“
1589 1791 1694 1831 Haec
1725 1797 1858 1831 autem

331 1874 421 1902 vera
453 1861 606 1901 videtur
638 1873 722 1900 esse
747 1860 921 1900 vocabuli
948 1858 1246 1899 διατίθεσθαι
1269 1865 1455 1911 potestas.
1504 1860 1554 1899 Ut
1585 1860 1692 1900 enim
1713 1858 1860 1899 διατι-

329 1931 478 1977 θέναι,
519 1930 626 1981 quod
656 1929 815 1981 proprie
847 1934 907 1968 est
942 1928 1167 1980 disponere,
1198 1929 1246 1967 de
1286 1928 1545 1968 histrionibus
1576 1934 1615 1968 et
1654 1927 1860 1980 rhapsodis

331 1999 476 2039 dictum
508 1998 713 2049 significat,
745 1997 980 2037 oratione
1010 1997 1085 2036 vel
1114 1996 1310 2037 actione
1337 1997 1522 2050 aliquid
1555 1996 1860 2048 exprimere,

330 2066 450 2106 veluti

430 2210 452 2250 ¹)
479 2208 641 2251 Equidem
668 2217 741 2240 cum
759 2205 885 2247 hangio
903 2205 1054 2246 (Vindio.
1080 2206 1232 2247 tragoed.
1258 2205 1412 2247 Roman.)
1448 2201 1661 2240 πολύκοπον
1685 2204 1861 2247 legendum

331 2276 452 2298 censeo
479 2264 533 2305 (cf.
560 2266 679 2297 Athen.
708 2264 730 2297 l.
755 2275 785 2306 p.
814 2263 867 2295 20.
894 2263 938 2304 c.)
963 2263 1018 2305 qui
1045 2262 1178 2295 confert
1203 2263 1288 2295 Cic.
1317 2264 1424 2295 Brut.
1451 2274 1478 2295 c.
1505 2262 1559 2295 30.

426 2322 452 2363 ²)
480 2322 666 2355 Casaubon.
703 2321 743 2352 de
781 2319 923 2364 satyric.
962 2330 1051 2362 poes.
1077 2320 1137 2352 lib.
1163 2320 1186 2352 l.
1214 2332 1242 2352 c.
1268 2320 1301 2352 4.
1326 2331 1356 2362 p.
1384 2320 1447 2352 113
1474 2319 1556 2352 bene
1593 2319 1752 2361 corrigit:
1779 2320 1864 2352 παί-

333 2380 474 2422 ζουσαν,
500 2389 606 2421 „quae
631 2377 834 2420 simpliciter
858 2376 984 2409 ludit.“

426 2435 453 2478 ³)
480 2435 554 2468 Non
592 2435 677 2468 satis
713 2435 832 2477 liquet,
869 2434 985 2476 quales
1011 2432 1139 2466 fuerint
1174 2434 1255 2466 illae
1292 2434 1496 2476 comoediae,
1531 2443 1612 2477 quas
1648 2432 1864 2466 saltaverunt

333 2493 540 2536 pantomimi.
591 2492 676 2525 Num
702 2496 822 2524 nostro
848 2491 980 2533 quidem
1006 2491 1082 2523 loco
1107 2491 1147 2523 de
1177 2491 1359 2523 comoediis
1382 2490 1545 2534 mythicis
1569 2490 1694 2522 dictum
1727 2489 1863 2522 videtur

333 2561 430 2590 esse3
456 2551 542 2593 apud
567 2549 794 2582 Lucianum
834 2553 945 2581 autem
981 2549 1074 2581 aliud
1112 2548 1186 2581 sine
1222 2548 1323 2581 dubio
1360 2558 1466 2589 genus
1503 2551 1782 2579 commemoratur
1817 2547 1864 2578 de

334 2609 479 2640 saltat.
505 2619 532 2640 c.
560 2608 615 2639 29.
662 2604 711 2639 ‘H
732 2605 769 2640 δὲ
792 2605 965 2650 κωμῳδία
1002 2605 1038 2638 δὲ
1073 2606 1134 2637 καὶ
1169 2605 1239 2640 τῶν
1269 2600 1480 2651 προσώπων
1505 2603 1627 2638 αὐτῶν
1649 2600 1688 2636 τὸ
1712 2604 1866 2647 καταγέ-

333 2666 469 2698 λαστον
502 2664 615 2709 μέρος
638 2665 702 2696 τοῦ
725 2662 884 2709 τερπνοῦ
909 2660 1001 2707 αὐτῇ
1026 2660 1219 2705 νενόμικεν
1242 2662 1469 2701 (scribendum
1506 2662 1643 2693 videtur
1679 2662 1864 2705 νενέμη-

334 2722 434 2764 κεν),
461 2715 530 2753 οἷα
557 2719 684 2753 Δάων
707 2721 779 2753 καὶ
807 2721 974 2761 Τιβίων
997 2720 1068 2751 καὶ
1095 2721 1341 2765 Νιαγείρων
1359 2715 1581 2764 πρόσωπα
1602 2718 1654 2760 [si‚
1675 2719 1759 2760 quod
1776 2718 1863 2751 hand

335 2778 523 2810 verisimile
548 2783 612 2819 est,
637 2777 780 2810 Luciani
805 2778 889 2810 haec
913 2781 992 2808 sunt
1018 2776 1146 2816 verb-m]

429 2833 458 2875 ⁴¹)
483 2834 668 2866 Salmasius
695 2834 727 2866 in
754 2833 854 2866 Notis
887 2833 927 2866 ad
960 2833 1092 2875 scriptt.
1131 2834 1258 2866 Histor.
1297 2833 1439 2874 August.
1476 2827 1774 2878 πολυπρόσωπος
1804 2842 1863 2874 pro

334 2884 547 2927 πολύκοπος
572 2891 797 2933 reponendum
824 2890 1002 2923 iudicavit.
1647 2883 1650 2886 ⁴
