2014 3204
757 273 1040 314 -47—

137 384 219 427 nis
277 387 438 427 alicuius
497 394 567 428 aut
606 389 768 442 Satyri
814 402 903 429 cum
949 390 1094 431 Amore
1148 395 1409 435 comessantis
1453 406 1664 446 personam

137 454 315 495 saltando
346 455 628 506 referentem.“
684 470 697 473 '⁷

250 523 388 576 Neque
419 538 511 565 vero
540 527 878 566 contemnendum
918 533 980 567 est
1011 527 1119 568 Festi
1154 530 1362 577 auxilium,
1408 531 1520 571 cuius
1560 536 1667 571 extat

134 591 176 632 in
206 592 343 633 Pauli
373 593 581 635 Diaconi
626 595 819 647 excerptis
863 595 959 635 haec
1003 596 1143 636 notitia
1188 598 1269 638 lib.
1315 598 1393 638 vn.
1438 612 1477 651 p.
1514 598 1568 638 73
1601 600 1662 639 ed.

136 661 387 702 Lindemann

207 724 249 771 's.
278 745 314 771 v.
353 732 666 783 grallatores.
726 731 962 773 Grallatores
1001 733 1298 785 appellabantur
1338 736 1661 786 pantomimi,

245 799 312 852 qui
342 805 387 840 ut
416 801 456 839 in
492 800 699 840 saltatione
720 800 972 842 imitarentur
991 803 1270 854 Aegipanas
1301 803 1461 843 adiectis
1491 805 1661 855 perticis,

245 868 420 908 furculas
450 868 697 915 habentibus,
728 876 847 921 atque
876 871 918 910 in
947 872 1009 911 his
1041 876 1311 923 superstantes
1347 872 1398 911 ob
1436 872 1660 913 similitudi-

175 950 177 953 *
245 947 337 976 nem
368 949 529 977 crurum
561 938 644 977 eius
675 939 832 989 generis
862 938 1164 990 gradiebantur,
1194 940 1331 992 utique
1359 946 1525 993 propter
1554 942 1660 981 diffi-

241 1005 428 1045 cultatem
460 1006 716 1045 consistendi.

130 1072 286 1114 Etenim
318 1087 409 1114 cum
440 1074 692 1127 Aegipanas1)
724 1075 766 1113 in
799 1088 938 1127 magna
971 1076 1201 1128 Satyrorum
1241 1075 1358 1116 turba
1399 1077 1521 1117 fuisse
1561 1091 1659 1118 con-

128 1148 222 1190 stet,
251 1143 518 1195 pantomimos
547 1144 656 1196 ipsos
688 1144 851 1195 satyrica
888 1158 1047 1197 quoque
1091 1151 1324 1197 argumenta
1371 1147 1546 1186 saltando
1591 1160 1660 1186 ex-

127 1210 334 1263 pressisse,
364 1211 579 1251 clarissime
610 1226 657 1251 ex
687 1213 763 1252 hoc
791 1214 876 1252 loco
907 1214 1045 1253 elucet.

244 1280 464 1327 Postremo,
507 1286 553 1319 ut
597 1281 726 1320 omnis
758 1281 950 1320 dubitatio
995 1287 1257 1329 removeatur,
1301 1283 1424 1334 ipsam
1471 1283 1658 1335 satyricae

129 1349 349 1389 saltationis
393 1349 696 1400 descriptionem
739 1362 906 1402 eamque
950 1352 1284 1392 accuratissimam
1330 1352 1499 1392 servavit
1542 1352 1658 1391 nobis

129 1417 335 1457 Nonnus
366 1418 653 1469 Dionysiae.
683 1417 748 1457 lib.
779 1418 879 1457 XIX.
911 1431 946 1457 v.
977 1418 1059 1458 223
1090 1433 1175 1472 sqq.
1206 1433 1245 1472 p.
1276 1421 1359 1460 419
1390 1422 1451 1460 ed.
1475 1421 1628 1460 Graefe.

243 1485 393 1533 Restat,
424 1492 469 1525 ut
499 1486 780 1526 comoedias
811 1499 971 1539 quoque
1002 1501 1021 1526 a
1053 1489 1310 1539 pantomimis
1340 1490 1502 1530 saltatas
1533 1490 1655 1529 fuisse

125 1554 444 1606 comprobemus.
503 1555 573 1593 Est
603 1560 734 1594 autem
767 1555 860 1594 satis
890 1554 1074 1601 idoneus,
1106 1557 1267 1608 opinor,
1298 1563 1458 1597 nostrae
1488 1564 1654 1599 senten-

122 1623 203 1663 tiae
231 1629 369 1663 auctor
389 1623 574 1663 Seneca
606 1624 793 1663 rhetor.
825 1628 1134 1664 controvers.
1169 1633 1392 1679 excerpt.
1416 1628 1478 1668 ΙΙΙ.
1500 1629 1653 1680 praef.

123 1691 199 1739 Qui
227 1703 318 1731 cum
349 1705 547 1744 exponere
577 1697 741 1732 conatus
782 1698 905 1739 esset,
947 1705 1087 1744 magna
1133 1694 1290 1745 ingenia
1324 1696 1413 1747 plus
1445 1710 1563 1749 quam
1610 1698 1653 1736 in

123 1771 204 1799 uno
234 1772 352 1812 opere
372 1772 462 1800 raro
483 1762 718 1801 eminuisse:
766 1761 1018 1811 ‚,Vergilium,
1038 1762 1180 1814 inquit,
1211 1763 1275 1802 illa
1296 1764 1460 1803 felicitas
1490 1765 1652 1816 ingenii,

123 1828 164 1868 in
194 1828 371 1868 oratione
400 1829 527 1868 soluta
556 1829 725 1881 reliquit,
758 1829 986 1869 Ciceronem
1017 1831 1239 1882 eloquentia
1280 1845 1349 1871 sua
1379 1833 1421 1872 in
1463 1833 1654 1872 carmini-

122 1895 207 1941 bus,
227 1896 418 1936 destituit.
479 1897 801 1949 Eloquentissimi
838 1898 910 1937 viri
946 1898 1120 1938 Platonis
1151 1900 1294 1947 oratio,
1335 1913 1435 1952 quae
1471 1914 1544 1953 pro
1575 1902 1653 1941 So-

122 1969 229 2005 crate
257 1965 404 2017 scripta
434 1971 507 2013 est,
537 1978 611 2005 nec
637 1971 818 2017 patrono,
850 1979 923 2006 nec
953 1980 1021 2006 reo
1051 1968 1166 2019 digna
1197 1972 1295 2008 est.“
1349 1969 1430 2008 Iam
1461 1970 1509 2008 ad
1540 1982 1650 2009 scae-

123 2045 215 2073 nam
244 2034 457 2081 transiens,
489 2046 578 2073 cum
609 2034 721 2074 dicit:
773 2035 847 2082 „Et
877 2041 923 2075 ut
951 2036 998 2074 ad
1029 2036 1212 2075 morbum
1243 2043 1282 2076 te
1313 2049 1440 2077 meam
1471 2042 1649 2086 vocem“,

122 2114 258 2142 nonne
303 2101 450 2141 diserte
493 2102 640 2142 fatetur
683 2102 746 2142 ille
788 2103 961 2154 quidem,
1001 2115 1087 2143 rem
1132 2105 1352 2144 scaenicam
1398 2106 1439 2144 in
1485 2106 1650 2146 summis

121 2169 196 2208 sibi
227 2181 314 2209 esse
350 2169 513 2217 deliciis,
556 2170 609 2210 ita
654 2177 699 2210 ut
744 2172 825 2211 fere
872 2172 1055 2211 morbum
1101 2173 1271 2224 appelles
1315 2173 1512 2225 singulare
1555 2174 1649 2213 illud

121 2236 328 2277 studium?
372 2238 460 2285 Quo
489 2238 647 2289 gravius
677 2251 764 2279 esse
793 2240 908 2280 debet
937 2241 1191 2291 sequentium
1222 2241 1431 2282 verborum
1463 2255 1650 2283 momen-

120 2310 227 2345 tum:
286 2305 524 2358 „Pylades
566 2308 612 2346 in
650 2308 929 2354 comoedia,
971 2308 1226 2360 Bathyllus
1266 2310 1314 2349 in
1361 2311 1648 2362 tragoedia,

120 2373 289 2414 multum
320 2386 341 2413 a
371 2387 414 2414 se
444 2374 645 2415 aberant.“
706 2376 818 2416 Unde
848 2377 1066 2429 perspicue,
1112 2377 1145 2416 si
1175 2377 1268 2429 quid
1298 2377 1424 2425 video,
1454 2376 1649 2430 intellegi-

120 2447 200 2490 tur,
232 2448 273 2482 et
292 2442 475 2494 Pyladem
508 2450 548 2484 et
568 2444 787 2496 Bathyllum
819 2445 1045 2485 comoedias
1065 2457 1146 2484 non
1179 2446 1310 2485 minus
1340 2459 1460 2498 quam
1490 2451 1648 2498 tragoe-

119 2510 204 2550 dias
246 2511 425 2558 saltasse,
471 2512 539 2552 sed
584 2512 753 2552 alterum
798 2513 1012 2560 comoedia,
1059 2514 1225 2553 alterum
1271 2515 1468 2566 tragoedia
1522 2527 1646 2567 supe—

118 2577 266 2618 riorem
286 2578 422 2618 fuisse.
454 2579 697 2632 Comparatis
719 2589 851 2622 autem
867 2582 1066 2623 Plutarchi
1099 2587 1139 2621 et
1153 2582 1346 2622 Athenaei
1375 2583 1470 2622 locis
1501 2583 1646 2623 ohscu-

119 2658 210 2686 rum
239 2659 326 2687 esse
364 2660 447 2687 non
489 2654 634 2701 potest,
663 2649 848 2703 Pyladem
892 2651 1038 2703 tragico
1082 2662 1227 2702 genere
1268 2651 1525 2703 praestitisse,
1571 2652 1646 2692 Ba-

214 2806 236 2847 ¹)
261 2805 311 2839 Cf.
337 2806 496 2851 Heyne,
520 2808 687 2851 antiquar.
712 2807 896 2842 Aufsaetze
926 2810 957 2842 2.
983 2821 1013 2853 p.
1039 2810 1093 2842 70.
1139 2809 1245 2842 Plin.
1271 2810 1415 2844 Natur.
1442 2810 1546 2842 nist.
1570 2810 1642 2843 lib.

118 2862 159 2896 V.
185 2874 214 2896 c.
242 2865 272 2897 1.
319 2864 470 2898 Eundem
494 2865 650 2898 noctibus
686 2865 813 2899 micare
852 2866 982 2899 crebris
1018 2866 1165 2908 ignibus,
1189 2866 1399 2910 Aegipanum
1423 2866 1642 2910 Satyrorum-

117 2929 180 2963 que
204 2919 349 2953 lascivia
374 2921 507 2964 impleri
533 2933 601 2965 sqq.
