2014 3204
933 226 1240 266 —144—

319 345 371 384 ita
418 343 498 383 sint
547 354 717 394 cumque
769 346 936 389 constet,
982 341 1159 393 Aeschyli
1201 346 1329 380 aetate
1372 352 1453 380 non
1498 341 1614 393 plane
1657 340 1845 381 incultam

321 412 444 452 fuisse
475 410 664 464 pingendi
694 409 867 459 artem1)‚
899 421 978 449 non
1011 408 1147 448 dubito
1180 408 1375 460 equidem,
1408 408 1507 460 quin
1535 409 1577 448 in
1597 408 1734 460 primis
1765 414 1847 448 sta-

322 480 389 519 tim
421 479 599 531 Aeschyli
628 477 839 529 tragoediis
874 489 1013 518 scaena
1057 477 1176 517 fuerit
1219 476 1333 528 picta,
1381 476 1534 516 etiamsi
1579 476 1679 516 ratio
1723 475 1845 529 ipsius

320 547 429 593 artis,
459 543 902 598 scaenographia2),
934 546 1114 586 nondum
1143 545 1237 584 satis
1267 549 1353 584 tum
1384 544 1504 585 fuerit
1535 545 1703 596 cognita.

434 615 609 654 Transeo
655 614 702 654 ad
748 613 1029 666 proscaenii
1079 616 1381 652 ornamenta.
1462 612 1698 665 Reperimus
1743 612 1846 652 enim

322 683 424 736 apud
456 687 621 730 vetereS‚
663 695 736 734 per
765 682 996 734 Aeschylum
1040 693 1122 720 non
1167 680 1284 720 modo
1329 680 1493 732 picturis
1537 692 1735 731 scaenam,
1778 679 1847 720 sed

326 751 446 792 etiam
479 750 569 798 aris,
599 749 774 798 tumulis,
819 750 901 790 aliis
932 749 1049 790 rebus
1081 761 1167 789 esse
1199 754 1392 789 ornatam.
1452 749 1569 789 Poll.
1602 748 1846 788 Onomast.

320 820 383 860 lv.
422 818 512 859 123.
545 816 621 858 ἐπὶ
653 816 703 858 δὲ
731 818 808 872 τῆς
839 817 996 871 σκηνῆς
1045 813 1120 856 καὶ
1165 812 1339 870 ἆγυιεύς
1384 815 1522 857 ἔκειτο
1567 814 1716 870 βωμὸς
1759 811 1847 870 πρὸ

320 888 407 928 τῶν
437 885 637 939 θυρῶν3).
698 886 783 926 Vita
813 885 990 938 Aeschyli
1020 898 1058 937 p.
1094 885 1183 924 159.
1217 886 1286 925 ed:
1309 885 1436 925 Ritter
1475 882 1552 939 τὴν
1596 883 1645 925 δὲ
1690 882 1848 938 σκηνήν

321 953 536 1008 ἐκόσμησε
568 953 660 1002 (καὶ
681 952 758 1008 τὴν
789 951 900 1008 ὄψιν
929 953 1014 994 τῶν
1029 954 1270 1004 θεωμένων
1300 952 1543 1007 κατέπληξε
1571 952 1623 1007 τῇ
1643 949 1848 1007 λαμπρό-

319 1026 432 1077 τητι)
463 1028 655 1077 γραφαῖς
685 1021 757 1061 καὶ
779 1027 1012 1075 μηχαναῖς,
1034 1022 1203 1074 βωμοῖς
1223 1036 1270 1060 τε
1290 1020 1363 1060 καὶ
1384 1019 1556 1075 τάφοις,
1589 1018 1844 1071 σάλπιγξιν,

323 1089 525 1137 εἰδώλοις
555 1105 591 1130 κ.
622 1104 659 1129 τ.
690 1089 728 1130 λ.
779 1090 888 1137 Quae
919 1094 1149 1129 ornamenta
1171 1088 1243 1128 etsi
1273 1089 1405 1129 omnia
1437 1094 1597 1142 apparet
1626 1090 1674 1130 ad
1703 1101 1846 1129 scae—

322 1171 431 1200 nam
461 1158 666 1208 referenda
689 1170 774 1197 esse
795 1157 958 1207 (diserte
981 1157 1087 1196 enim
1108 1157 1265 1196 additur
1284 1154 1376 1211 τὴν
1407 1155 1600 1211 σκηνὴν
1631 1154 1848 1210 ἐκόσμησε

321 1232 516 1281 γραφαῖς
546 1241 583 1266 κ.
613 1240 650 1265 τ.
681 1224 751 1276 λ.),
781 1231 919 1265 tamen
949 1224 1147 1277 permulti,
1178 1225 1222 1264 G.
1254 1225 1479 1266 Hermanno
1525 1226 1606 1265 fere
1650 1225 1734 1264 solo
1778 1237 1847 1264 ex-

322 1300 450 1346 cepto,
481 1294 522 1333 in
555 1294 756 1334 orchestra
786 1294 1011 1334 collocanda
1034 1306 1118 1333 esse
1148 1298 1402 1341 censuerunt,
1433 1306 1478 1333 eo
1496 1293 1685 1333 nimirum
1715 1303 1848 1332 errore

321 1362 485 1414 decepti,
531 1375 609 1414 quo
650 1361 723 1401 sibi
766 1368 1057 1413 persuaserant,
1102 1361 1314 1401 histriones
1358 1362 1503 1402 versari
1547 1362 1589 1401 in
1634 1361 1845 1401 orchestra.

322 1430 576 1470 Atenimvero
608 1430 737 1469 nullus
761 1435 820 1470 est
850 1431 1076 1470 orchestrae
1106 1435 1288 1479 ornatus3
1318 1430 1426 1469 nulla
1447 1434 1605 1469 exstant
1625 1429 1848 1469 orchestrae

322 1500 526 1538 decoratae
556 1498 712 1538 indicia.
773 1498 923 1544 Quibus
954 1503 1083 1538 autem
1115 1499 1233 1538 rebus
1279 1498 1319 1537 in
1349 1498 1512 1549 singulis
1542 1497 1721 1550 Aeschyli
1766 1503 1849 1537 tra-

321 1566 470 1619 goediis
501 1566 573 1605 viri
603 1566 707 1606 docti
738 1566 1014 1606 instruxerunt
1044 1567 1300 1614 orchestram,
1346 1579 1410 1606 eas
1440 1578 1578 1606 omnes
1609 1570 1677 1606 aut
1719 1565 1847 1604 nullas

320 1635 442 1674 fuisse
471 1638 538 1673 aut
568 1633 609 1672 in
638 1646 819 1674 scaenam
849 1635 1141 1674 transferendas
1173 1647 1259 1674 esse
1295 1647 1448 1674 censeo.
1511 1635 1635 1681 Quam
1681 1637 1845 1673 senten—

320 1703 414 1742 tiam
446 1707 490 1742 ut
511 1702 594 1741 aliis
626 1714 782 1754 quoque
803 1703 1004 1754 possimus
1034 1703 1213 1755 probare,
1244 1715 1326 1742 non
1349 1702 1520 1743 alienum
1549 1707 1609 1742 est
1628 1701 1840 1741 nonnullas

321 1770 501 1822 Aeschyli
545 1770 761 1821 tragoedias
811 1771 1039 1822 singillatim
1083 1771 1334 1823 perlustrare,
1379 1771 1421 1810 in
1466 1770 1593 1822 iisque
1639 1775 1676 1810 et
1720 1768 1846 1820 qualis

320 1850 459 1878 scaena
489 1837 609 1877 fuerit
640 1844 678 1878 et
708 1839 981 1890 proscaenium
1012 1840 1210 1891 quomodo
1242 1839 1293 1878 sit
1324 1843 1571 1888 exornatum,
1618 1836 1847 1877 brevissime

321 1919 516 1947 enarrare.
578 1906 660 1953 Qua
693 1907 849 1958 quidem
883 1908 924 1947 in
954 1919 996 1947 re
1026 1908 1273 1960 propositum
1313 1913 1372 1947 est
1415 1907 1496 1947 sola
1540 1905 1663 1958 ipsius
1708 1909 1847 1957 poetae

320 2081 447 2113 Schcns
471 2080 631 2113 ablciten.
679 2079 740 2112 Die
767 2080 898 2121 Aulagc
923 2091 996 2113 zum
1021 2081 1131 2114 Malcr
1162 2082 1327 2123 hingegen
1353 2079 1487 2112 bcstcht
1512 2079 1546 2111 in
1572 2079 1632 2111 der
1656 2077 1848 2120 Fiihigkeit‚

320 2139 394 2170 sich
418 2138 477 2170 des
502 2137 677 2180 optischeu
702 2137 863 2169 Scheines
888 2137 1039 2170 bewusst
1063 2149 1105 2169 zu
1130 2138 1276 2179 worden,
1301 2137 1357 2170 ihn
1383 2136 1415 2168 in
1441 2136 1501 2168 der
1523 2135 1741 2175 Erinncrung
1765 2133 1848 2166 fest·

327 2195 497 2234 zuhalten,
519 2194 556 2236 ja
582 2194 639 2226 ihn
664 2204 723 2226 aus
749 2193 808 2225 der
833 2193 1152 2235 Einbildungskraft
1188 2193 1241 2226 fiir
1269 2194 1363 2226 nicht
1387 2192 1641 2234 gegenwiirtigc
1667 2192 1748 2224 oder
1772 2191 1847 2223 blos

320 2251 509 2283 erdichtetc
535 2250 641 2291 Dingc
669 2249 951 2283 hervorzurufen.
977 2251 1039 2283 Die
1064 2250 1210 2283 Theoric
1235 2260 1374 2291 verinag
1397 2260 1459 2282 uui·
1477 2249 1531 2281 die
1547 2247 1848 2289 Nothwendigkeit

320 2308 440 2341 dessen
465 2318 506 2339 zu
531 2307 708 2347 erweisen,
733 2317 803 2338 was
829 2307 931 2339 schon
957 2307 991 2339 in
1017 2307 1076 2339 der
1114 2307 1378 2340 uumittelbarcn
1405 2306 1681 2347 Wahrnehinung
1705 2306 1764 2338 des
1789 2316 1848 2347 gc-

319 2365 421 2396 iibteu
448 2364 570 2396 Sinncs
595 2363 691 2404 liegt.
741 2363 809 2395 Der
834 2364 943 2396 Malcr
967 2363 1054 2395 kann
1080 2364 1153 2396 also
1178 2375 1239 2406 gar
1256 2365 1345 2396 wohl
1362 2364 1420 2396 das
1437 2363 1594 2403 Richtige
1611 2363 1743 2404 treffcn,
1762 2363 1845 2394 ohne

319 2419 373 2450 die
398 2419 554 2451 Methode
592 2430 633 2450 zu
670 2421 819 2461 kennen,
856 2421 910 2453 die
936 2421 991 2452 ihn
1028 2431 1091 2453 vor
1127 2421 1342 2461 Abii-rungen
1381 2421 1515 2453 sichern
1552 2420 1631 2452 soll.
1680 2419 1764 2453 Was
1789 2419 1843 2451 ein

319 2474 472 2509 scharfor
502 2477 568 2508 und
605 2477 747 2516 geiibtcr
771 2478 851 2510 Sinn
888 2476 950 2510 auf
981 2477 1044 2509 den
1070 2482 1183 2510 ersten
1211 2478 1306 2510 Blick
1344 2477 1563 2518 entscheidet,
1589 2476 1647 2508 das
1672 2475 1759 2508 kann
1785 2475 1863 2507 der·

319 2532 450 2565 Lehrer
474 2534 533 2565 der
558 2524 777 2576 Perspective
803 2539 874 2566 crst
899 2535 1005 2567 durch
1030 2534 1092 2566 den
1128 2533 1380 2575 wcitliiuftigen
1406 2534 1542 2575 Umweg
1577 2532 1846 2574 geometrischcr

320 2589 639 2622 Dcmonstrationen
665 2591 940 2623 wiede1·1inden.“

412 2647 435 2686 ¹)
461 2646 495 2678 C.
522 2646 561 2678 Ο.
587 2646 738 2680 Miillc
756 2658 774 2679 r
790 2672 799 2687 ,
826 2647 1005 2680 Handbuch
1030 2648 1090 2680 der
1115 2648 1341 2689 Archiiologie
1358 2648 1417 2679 dcr
1435 2646 1558 2680 Iiunst.
1586 2658 1617 2690 p.
1635 2647 1688 2679 51.
1716 2658 1747 2690 p.
1769 2647 1842 2681 129.

411 2702 436 2743 ²)
462 2703 655 2736 Vitruv.
683 2703 706 2736 l.
740 2704 770 2735 2.
808 2704 1081 2747 Scacnographia
1118 2709 1171 2737 cst
1195 2704 1318 2738 frontis
1355 2709 1388 2736 et
1411 2705 1557 2738 laterum
1593 2704 1844 2736 abscedentium

318 2760 541 2802 adumbratio,
564 2761 604 2792 ad
630 2760 815 2803 circinique
841 2766 994 2793 centrum
1018 2762 1277 2805 (Aug-cupitum)
1303 2762 1448 2794 oninium
1467 2762 1630 2794 linearum
1649 2771 1843 2804 responsus.

410 2815 828 2859 ³)Cf.Harp0t-1·at.
856 2829 885 2860 p.
911 2818 1020 2850 417.
1061 2818 1219 2850 Schol.
1260 2817 1357 2849 Ald.
1396 2817 1551 2850 Arist.
1591 2817 1726 2860 Vesp.
1765 2818 1841 2850 875.

320 2873 362 2905 cf.
388 2873 511 2905 Suid.
538 2884 568 2906 v.
595 2872 728 2916 ἀγυιαί.
1660 2873 1662 2877 ’
