2014 3204
957 171 1266 211 —154-

414 300 447 327 v.
480 286 575 326 272.
607 285 770 334 (Prom.)

470 352 608 395 Πέδοι
630 352 680 394 δὲ
695 353 833 407 βᾶσαι
851 353 927 405 τὰς
953 353 1288 412 προσερπούσας
1303 352 1434 409 τύχας

463 419 698 466 'Amana-Y
720 438 756 464 κ.
778 436 816 464 τ.
837 422 874 464 λ.

413 507 448 533 ν.
481 491 562 532 279
593 506 679 546 sqq.
713 493 863 544 (Cher.)

473 557 561 602 Καὶ
590 560 667 603 νῦν
696 557 873 617 ἐλαφρῷ
903 561 1012 603 ποδὶ
1042 560 1365 616 κραιπνόσυτον

468 630 614 673 Θᾶκον
642 628 931 685 προλιποῦσ’,
966 631 1130 685 αἰθέρα
1158 629 1214 672 θ’
1247 629 1378 684 ἁγνὸν

468 697 616 755 Πάρον
647 699 814 742 οἰωνῶν
844 697 1075 755 ὀκριοέσσῃ

467 767 619 811 Χθονὶ
648 767 751 826 τῇδε
781 768 914 810 πελῶ.

351 840 539 881 Eiusdem
589 839 857 880 machinarum
902 839 1057 892 generis
1103 839 1257 881 videtur
1305 840 1425 881 fuisse
1469 855 1527 889 ea,
1572 855 1647 895 qua
1681 843 1870 886 ‚Oceanus

354 910 491 958 utitur,
522 909 613 949 licet
642 920 725 948 non
755 909 891 949 eadem
922 909 1043 950 fuerit
1072 910 1211 949 forma.
1271 910 1368 950 Cum
1414 911 1517 951 enim
1561 911 1700 952 Pollux
1743 912 1869 954 Belle-

354 979 590 1031 rophontem
638 978 777 1026 tradat,
823 978 958 1030 Pegasi
1004 978 1073 1018 alis
1117 979 1284 1027 elatum,
1334 985 1598 1022 sustentatum
1628 981 1764 1025 *fuisse
1807 982 1870 1023 illa

354 1047 546 1096 machina,
594 1047 730 1088 eadem
773 1047 983 1100 gryphum,
1030 1049 1141 1089 cuius
1182 1048 1322 1089 auxilio
1364 1049 1519 1090 advenit
1562 1049 1754 1100 Oceanus,
1798 1064 1870 1104 per

353 1129 486 1157 aerem
517 1115 678 1156 ductum
709 1129 795 1156 esse
826 1122 1136 1158 consentaneum
1168 1124 1229 1158 est

407 1199 441 1226 v.
473 1185 555 1226 284
586 1198 671 1238 sqq.
704 1185 929 1237 (Oceanus.)

456 1249 573 1295 ‘'wa
605 1251 780 1309 δολιχῆς
809 1256 945 1310 τέρμα
975 1251 1190 1295 κελεύθου

465 1322 834 1379 Διαμειψάμενος
863 1321 975 1378 πρός
1005 1333 1065 1372 σε,
1097 1322 1361 1378 Προμηθεῦ,

468 1389 572 1433 Τὸν
600 1392 909 1447 πτερυγωκῆ
940 1386 1077 1432 τόνδ’
1108 1391 1326 1438 οἰωνὸν4

467 1459 656 1516 Γνώμη
690 1463 928 1516 στομίων
960 1457 1082 1516 ἄτερ
1114 1457 1372 1503 εὐθύνων.

408 1545 441 1571 ν.
474 1530 567 1571 395.
599 1531 723 1572 bestia
754 1531 815 1571 illa
849 1531 1076 1571 nominatur
1105 1529 1385 1584 τετρασκελὴς
1417 1527 1583 1577 οἰωνός.

463 1599 598 1652 Neque
609 1599 722 1640 aliam
735 1611 877 1640 censeo
889 1600 1102 1640 adhibitam
1113 1613 1199 1639 esse
1209 1599 1251 1639 in
1262 1599 1292 1639 E
1301 1613 1324 1640 u
1338 1613 1375 1640 m
1389 1614 1408 1640 e
1417 1600 1464 1640 ni
1477 1600 1499 1640 d
1510 1600 1554 1640 ih
1566 1613 1592 1641 u
1602 1614 1632 1649 S,
1647 1607 1691 1642 ut
1698 1601 1867 1644 Minerva

349 1669 477 1710 subito
494 1668 828 1722 possetintroduci
843 1669 884 1709 in
903 1669 1179 1722 proscaenium
1191 1682 1226 1708 v.
1240 1669 1334 1717 375,
1346 1681 1446 1721 quae
1458 1669 1503 1708 ad
1516 1669 1745 1711 Scamandri
1754 1671 1868 1724 ripas,

348 1738 490 1778 auditis
509 1737 659 1778 Orestis
675 1738 871 1790 precibus,
888 1739 1093 1779 celerrimo
1111 1751 1229 1779 cursu
1253 1738 1345 1778 dicit
1361 1736 1504 1789 aegidis
1521 1750 1595 1790 ope
1610 1750 1654 1780 se
1669 1739 1867 1781 advolasse

406 1820 439 1848 v,
474 1807 567 1848 375.
602 1806 728 1856 (Min.)

464 1873 710 1928 Πρόσωθεν
740 1874 953 1931 ἐξήκουσα
983 1873 1191 1931 κληδόνος
1221 1874 1331 1932 βοήν
1361 1891 1397 1917 κ.
1428 1891 1464 1918 τ.
1496 1874 1533 1916 λ.

404 1959 440 1986 ν.
473 1943 566 1985 381.
598 1958 684 1998 sqq.

452 2011 611 2056 Ἔνθεν
641 2011 850 2056 διώκουσ’
883 2011 1025 2070 ἦλθον
1058 2013 1240 2070 ἄτρυτον
1271 2011 1408 2064 πόδα,

464 2082 677 2137 Πτεριῦν
707 2081 832 2138 ἄτερ
864 2083 1171 2139 ῥοιβδοῦσα
1202 2082 1412 2126 κόλπον
1440 2084 1651 2137 αἰγίδος

467 2151 668 2200 Κώλοις
699 2149 961 2206 ἀκμαίοις
991 2150 1131 2195 τόνδ’
1162 2149 1474 2202 ἓπιζεύξασ’
1508 2153 1629 2206 ὄχον

352 2223 439 2263 Non
472 2222 576 2263 enim
609 2233 728 2262 curru
761 2235 845 2262 eam
881 2223 1080 2264 advectam
1117 2223 1296 2273 arbitror,
1343 2223 1446 2277 quod
1477 2224 1522 2264 0.
1554 2224 1717 2265 Mueller
1746 2228 1875 2265 statu—

349 2291 495 2331 endum
527 2303 611 2330 esse
641 2291 792 2332 dixerat
827 2298 989 2345 propter
1019 2305 1051 2331 v.
1084 2292 1176 2333 383.
1224 2287 1426 2340 πώλοις
1464 2289 1671 2346 ἀκμαίοις
1700 2307 1738 2333 κ.
1759 2308 1795 2332 τ.
1817 2290 1867 2341 λ.,

350 2361 418 2400 sed
449 2360 740 2412 corrigendum,
772 2361 876 2414 quod
897 2362 1170 2402 Wakefieldius
1191 2362 1406 2416 proposuit,
1437 2361 1725 2413 Hermannus1)
1757 2365 1875 2414 atque

350 2430 681 2481 Schoemannus2)
714 2430 990 2484 probaverunt,
1023 2445 1045 2471 κ
1057 2428 1089 2471 ω’
1100 2427 1124 2470 λ
1134 2444 1156 2471 ο
1168 2444 1182 2470 ι
1195 2445 1228 2478 ς.

443 2574 465 2615 ¹)
490 2573 612 2616 Opusc.
637 2571 692 2606 VI.
718 2583 749 2616 p.
776 2571 814 2606 ΙΙ.
847 2582 878 2615 p.
909 2571 982 2606 176.

440 2630 464 2673 ²)
489 2631 553 2663 Des
579 2629 767 2674 Aeschylos
795 2629 1012 2662 Eumeniden.
1040 2629 1185 2663 Deutsch
1211 2640 1251 2662 m.
1279 2629 1477 2670 Einleitung
1501 2638 1532 2660 u.
1558 2627 1814 2670 Anmerkungen
1839 2640 1872 2664 v.

350 2689 593 2722 Schiimann.
645 2686 849 2720 Greifswald
871 2687 966 2721 1845.
993 2698 1021 2729 p.
1040 2687 1116 2721 212.
1138 2687 1190 2719 13.
1210 2687 1303 2730 Quod
1327 2697 1406 2720 vero
1425 2685 1509 2718 dicit
1525 2686 1581 2718 vix·
1598 2690 1632 2718 et
1648 2686 1688 2719 dc
1706 2686 1876 2729 Aeschylo

350 2751 385 2780 et
401 2747 441 2779 de
461 2747 538 2779 aliis
552 2745 667 2778 multis
681 2745 897 2788 antiquitatis
918 2745 1070 2789 partibus
1085 2744 1342 2789 meritissimus:
1361 2744 1516 2786 „Athene
1530 2744 1701 2777 erscheint
1712 2743 1875 2787 platzlich

351 2803 632 2837 wahrscheinlich
649 2813 709 2835 aus
728 2804 800 2836 dem
820 2803 1073 2844 Hintergrunde
1092 2803 1151 2836 der
1168 2803 1279 2836 Biihne
1296 2802 1593 2844 hervort1·etend“‚
1609 2802 1644 2835 id
1661 2801 1722 2841 vix
1738 2801 1876 2835 videtur

350 2872 423 2896 esse
456 2859 671 2905 probandum.
719 2859 803 2894 Nam
836 2872 908 2894 cum
939 2860 1012 2904 ipsa
1043 2860 1134 2894 dicat
1158 2871 1193 2894 se
1218 2870 1359 2905 peregre
1390 2861 1569 2903 advenire,
1598 2869 1664 2892 non
1687 2859 1798 2903 potuit
1823 2867 1873 2901 ea,
