2014 3204
738 232 814 259 7-
872 208 954 249 223
1014 236 1069 240 -

129 320 258 369 adeo
298 318 474 380 compos,
518 331 564 367 ut
606 326 652 366 ad
697 328 853 380 quaevis
890 329 1095 369 hominum
1127 327 1279 380 ingenia
1310 327 1561 380 exprimenda
1592 339 1670 380 quo

159 394 253 436 velit*
274 395 390 436 facile
418 402 647 448 sequantur.

268 464 342 504 Est
370 464 490 516 igitur
516 465 654 505 histrio
682 464 854 505 veritatis
882 465 1111 516 imitator1),
1148 466 1199 505 ita
1230 472 1375 511 tamen,
1407 470 1451 504 ut
1480 477 1562 505 non
1591 472 1671 506 tam

159 545 257 584 eam,
302 546 402 586 quae
432 539 571 581 exstat,
618 539 765 574 certam
797 534 994 587 quandam
1025 535 1271 586 singulorum
1302 534 1508 574 hominum
1540 540 1580 574 et
1607 548 1673 574 re-

156 613 247 650 rum
290 610 472 643 naturam
518 603 726 654 exprimat,
771 615 890 655 quam
934 604 980 643 ad
1011 603 1181 656 speciem
1213 615 1257 643 ae
1285 605 1453 643 formam
1484 604 1671 651 veritatis,

159 675 355 724 quantum
375 676 518 724 potest,
547 671 808 712 imitationem
827 672 985 713 referat.
1044 672 1157 720 Quod
1188 672 1262 711 etsi
1293 672 1476 712 omnibus
1506 674 1671 714 omnino

158 741 371 782 artificibus
413 740 510 780 adeo
556 747 616 781 est
644 742 908 794 propositum,
954 748 999 782 ut
1026 741 1075 782 ab
1105 754 1152 781 eo
1181 741 1361 782 aberrare
1390 741 1442 781 sit
1470 741 1518 782 ab
1548 742 1672 794 ipsius

160 809 256 850 artis
285 809 321 849 vi
350 822 396 849 ac
425 815 566 851 natura
596 810 798 856 decedere,
828 810 933 850 inter
963 822 1102 852 omnes
1122 817 1255 851 tamen
1274 816 1412 862 gentes
1434 810 1672 852 Graecorum

158 878 327 919 maxime
355 882 530 918 secutam
559 891 646 919 esse
675 880 770 920 satis
801 885 967 920 constat.

270 947 338 988 nis
358 947 584 1000 praemissis
604 948 719 988 venio
747 948 902 988 tandem
934 948 982 988 ad
1010 961 1095 989 rem
1125 949 1360 995 institutam,
1390 954 1435 988 ut
1464 949 1672 1002 praecipua

157 1015 393 1070 Aeschyleae
422 1016 559 1056 aetatis
590 1017 743 1058 ratione
774 1017 902 1057 habita
932 1029 1149 1070 exponam,
1191 1018 1430 1057 Graecorum
1460 1017 1672 1058 histriones

158 1085 359 1139 quomodo
389 1091 429 1125 et
457 1085 731 1138 intellegendis
760 1086 969 1138 tragoediis
1014 1098 1173 1138 operam
1220 1086 1413 1134 dederint,
1458 1093 1498 1127 et
1540 1086 1581 1127 in
1625 1087 1672 1127 iis

157 1156 291 1203 rebus,
321 1167 421 1207 quae
450 1154 635 1206 primaria
664 1155 757 1195 artis
787 1161 881 1195 sunt
913 1155 1116 1207 praesidia,
1150 1155 1255 1195 vocis
1284 1168 1330 1195 ac
1358 1161 1490 1196 motus
1513 1156 1673 1196 confor-

159 1223 332 1263 matione
361 1222 609 1269 elaborarint,
641 1224 813 1277 denique
843 1237 942 1276 quae
973 1236 1111 1264 eorum
1141 1223 1291 1263 fuerint
1321 1224 1463 1271 studia,
1494 1230 1539 1264 ut
1566 1230 1672 1264 recte

160 1296 199 1331 et
228 1296 274 1331 ut
299 1290 375 1344 ipsi
403 1291 780 1344 volueruntpoetae
808 1293 1162 1346 interpretarentur
1191 1305 1329 1333 eorum
1360 1293 1522 1334 fabulas.
1563 1295 1673 1343 Quo·-

161 1359 279 1400 modo
308 1365 442 1400 autem
471 1360 682 1401 histriones
713 1362 780 1414 qui
810 1369 895 1402 tum
926 1365 1088 1402 fuerunt
1118 1362 1157 1401 in
1179 1362 1344 1414 singulis
1364 1361 1506 1402 fabulis
1535 1363 1676 1414 singu-

159 1429 216 1469 las
243 1434 377 1481 partes
407 1430 682 1481 expresserint,
715 1431 912 1483 quomodo
942 1444 1010 1471 sua
1041 1431 1208 1483 quisque
1238 1431 1563 1483 pronuntiaverit,
1595 1444 1673 1485 quo

158 1496 307 1545 habitu,
337 1509 416 1549 quo
447 1503 578 1549 gestu,
609 1511 687 1550 quo
716 1500 889 1546 incessu,
918 1513 997 1552 quo
1029 1505 1134 1539 statu
1169 1499 1230 1539 usi
1266 1499 1438 1546 fuerint,
1476 1500 1564 1552 quis
1601 1506 1673 1546 est,

159 1565 228 1618 qui
255 1565 371 1605 hodie
400 1566 526 1618 possit
554 1566 799 1620 investigare.
856 1569 1067 1609 Verissime
1113 1569 1217 1609 enim
1250 1568 1476 1608 Schiller
1520 1568 1568 1608 de
1612 1568 1673 1608 hi·

163 1634 358 1675 strionum
389 1641 496 1675 arte:

347 1727 405 1733 —-
433 1705 576 1745 schnell
602 1705 685 1745 und
712 1706 863 1758 spartos
888 1706 974 1758 yelzc
1002 1707 1065 1747 des
1092 1706 1233 1747 Mimen
1263 1707 1396 1756 Kunst,

349 1772 420 1812 Die
447 1774 707 1822 wunderbare,
739 1787 791 1814 an
820 1775 905 1815 dem
932 1774 1031 1815 Sinn
1059 1766 1236 1823 vorssber,

343 1842 475 1900 ’Wenn
506 1844 575 1884 das
605 1842 736 1883 Gebild
768 1844 832 1883 des
860 1843 1036 1893 Meissels‚
1069 1845 1136 1885 der
1169 1844 1312 1899 Gesanq

346 1901 424 1951 Des
452 1911 624 1954 Dichters
652 1912 748 1954 nach
778 1911 1085 1953 Jahrtausenden
1112 1914 1206 1954 noch
1236 1914 1352 1955 leben.

349 1979 448 2021 Hier
476 1982 587 2021 stirbt
617 1981 684 2021 der
711 1981 862 2021 Zauber
888 1984 958 2021 mit
987 1982 1070 2022 dem
1099 1983 1279 2023 Kanstler
1308 1983 1367 2031 ab,

352 2049 439 2090 Und
466 2053 533 2090 wie
563 2051 632 2090 der
659 2050 787 2101 Klauy
816 2050 1000 2091 verhallet
1027 2054 1067 2091 in
1097 2052 1180 2092 dem
1211 2051 1304 2098 ΟΙιν,

359 2119 585 2160 Verrauscht
614 2120 676 2159 des
705 2120 950 2172 Auyenblicks
978 2120 1204 2173 yeschwinde
1232 2121 1461 2174 Schopfunffi

353 2188 440 2228 Und
469 2188 579 2228 ihren
607 2187 733 2227 Ruhm
765 2189 929 2229 bewahrt
958 2190 1043 2229 kein
1074 2190 1248 2230 datter-nd
1282 2190 1407 2230 Werk.

350 2255 499 2297 Schwer
525 2259 572 2298 ist
603 2258 628 2297 d
634 2260 670 2298 ie
700 2257 835 2304 Kunst,
864 2258 1102 2312 verydnylich
1131 2261 1177 2299 ist
1204 2260 1265 2299 ihr
1293 2258 1411 2300 Preis.

535 2576 606 2616 De
651 2578 879 2618 studiis
925 2578 1302 2621 histrionum.

265 2666 330 2705 -Ac
369 2667 539 2719 primum
582 2671 742 2723 quidem
785 2672 819 2711 si
859 2672 1083 2724 quaerimus
1121 2674 1216 2726 quid
1257 2675 1421 2715 fecerint
1449 2676 1670 2724 histriones,

164 2738 207 2772 ut
235 2739 342 2773 recte
371 2735 642 2790 intellegerent
671 2740 711 2779 in
743 2739 885 2792 quibus
916 2742 1112 2793 agendum
1143 2748 1244 2782 esset
1274 2743 1433 2791 fabulas,
1466 2758 1509 2784 ea
1540 2745 1668 2784 studia

255 2887 278 2927 ¹)
304 2886 456 2920 Cicero
482 2889 528 2921 de
552 2889 728 2923 Oratore
752 2891 805 2925 ΙΙΙ.
830 2903 857 2924 c.
884 2893 935 2925 56.
961 2893 982 2935 ξ
1008 2893 1083 2926 214.
