2014 3204
887 13 893 23 ·
946 9 956 19 *
1067 0 1689 36 »1jwwwssfzz‘w‘rss'fflww

788 276 1072 316 „27—

94 408 121 424 *κ
155 395 318 443 tentia,
361 401 429 434 aut
468 407 512 434 ea
550 395 763 434 vocabatur
799 393 946 432 theatri
981 405 1093 444 pars,
1138 404 1237 444 quae
1281 395 1411 430 totum
1448 390 1700 442 amplectitur

169 462 342 517 spatium
378 463 483 503 inter
527 461 800 514 proscaenium
846 466 886 500 et
929 466 1197 513 spectatorum
1236 459 1370 499 sedilia
1406 458 1531 498 situm
1575 458 1698 510 (quod

170 526 565 583 alias'hppellabatur
594 531 841 582 κονίστρα),
878 529 920 567 in
950 541 1030 581 quo
1060 528 1192 568 medio
1232 528 1431 580 thymelen
1469 527 1698 566 collocatam

170 611 260 639 esse
293 598 606 643 verisimile¹)
653 602 726 644 est,
769 602 838 636 aut
867 602 972 637 certa
1003 597 1194 649 quaedam
1226 596 1400 636 eiusdem
1436 595 1551 646 spatii
1596 607 1698 646 pars,

172 679 275 720 quae
305 667 396 706 inde
434 680 454 706 a
490 666 723 718 proscaenio
759 667 885 717 usque
925 666 973 704 ad
1004 665 1204 716 thymelen
1247 663 1463 715 porrigitur
1492 665 1556 711 (ct.
1604 663 1700 702 εἶτα

170 733 302 788 μετὰ
330 733 409 788 τὴν
438 731 678 787 ὀρχήστραν
708 731 857 786 βωμὸς
886 724 975 787 ἦν).
1015 733 1063 772 Et
1099 733 1148 771 de
1178 745 1221 771 ea
1252 731 1412 783 quidem
1450 731 1525 770 hoc
1561 736 1699 769 nostro

169 803 257 849 loco
301 802 439 854 agitur.
519 802 735 849 Nimirum,
779 802 876 841 haec
919 806 981 840 est
1031 801 1138 840 enim
1183 799 1398 839 Hei-manni
1452 797 1699 846 sententia²)‚

170 876 218 911 ut
247 870 358 910 chori
388 870 520 922 cyclici
551 875 636 910 toto
667 870 881 910 utebantur
910 869 1051 908 maiori
1087 869 1152 908 illo
1183 867 1323 919 spatio,
1354 867 1403 906 cf.
1435 867 1698 918 Phrynich.

169 951 202 979 s.
232 950 268 978 v.
296 935 512 991 θυμέληνε
533 968 542 976 .
561 967 570 976 .
590 968 598 976 .
619 968 628 976 .
659 936 713 978 σὺ
742 938 906 990 μέντοι,
929 935 1042 978 ἔνθα
1060 935 1141 988 μὲν
1162 934 1366 989 κωμῳδοὶ
1387 934 1461 974 καὶ
1483 931 1700 988 τραγῳδοὶ

170 1003 475 1057 ιῖγωνίζονται,
505 1004 682 1056 λογεῖον
701 1005 829 1059 ἐρεῖς,
863 1004 978 1046 ἔνθα
1008 1001 1058 1045 δὲ
1087 1002 1131 1046 οἳ
1162 1001 1348 1057 αὓληταὶ
1379 1003 1452 1043 καὶ
1485 1000 1529 1043 οἷ
1558 1003 1699 1054 χοροί,

171 1071 414 1130 ὀρχήστραν
424 1073 456 1124 ³)
488 1074 609 1127 (quod
632 1074 679 1114 de
699 1074 907 1114 tibicinum
930 1074 1062 1113 choris
1094 1078 1132 1112 et
1153 1073 1201 1112 de
1222 1072 1354 1112 choris
1375 1072 1526 1124 cyclicis
1547 1071 1702 1110 videtur

173 1154 261 1183 esse
291 1143 481 1192 dictum),
523 1142 580 1182 sic
609 1142 648 1181 in
679 1141 821 1182 fabulis
852 1142 1014 1182 edendis
1045 1142 1201 1188 chorus,
1234 1141 1379 1194 quippe
1410 1140 1477 1192 qui
1508 1151 1591 1178 non
1619 1144 1701 1178 tam

171 1212 252 1252 lato
282 1211 410 1263 spatio
440 1211 643 1251 seiunctus
679 1223 763 1250 esse
799 1217 934 1262 posset
970 1223 992 1250 a
1037 1222 1176 1250 scaena
1221 1215 1261 1249 et
1304 1209 1352 1249 ab
1396 1208 1613 1254 actoribus,
1659 1206 1701 1245 in

172 1279 319 1321 minori
349 1280 415 1319 illo
446 1279 571 1331 spatio
601 1279 839 1325 versabatur,
871 1279 1012 1318 tabulis
1041 1285 1165 1318 strato
1197 1276 1260 1327 (ἐκ
1290 1275 1486 1317 σανίδων
1515 1274 1627 1326 ἔχων
1651 1273 1701 1315 τὸ

173 1345 356 1401 ἔδαφος)
387 1353 427 1387 et
445 1348 613 1387 fortasse
644 1347 886 1399 aliquantum
909 1347 1077 1387 editiori.
1123 1346 1173 1385 Et
1202 1346 1392 1398 profecto,
1427 1345 1460 1385 si
1490 1345 1584 1384 haec
1614 1356 1703 1383 vera

174 1421 235 1456 est
263 1416 476 1464 sententia,
509 1418 584 1466 (est
614 1421 745 1457 autem
778 1415 946 1455 maxima
975 1428 1023 1454 ex
1043 1420 1155 1466 parte
1186 1415 1300 1459 illius,
1322 1425 1440 1465 quem
1472 1412 1596 1459 attuli,
1626 1411 1702 1450 loci

173 1485 405 1526 auctoritate
450 1484 726 1536 comprobata,
771 1484 823 1523 ita
868 1488 912 1522 ut
955 1483 1171 1522 admodum
1216 1495 1339 1534 pauca
1384 1494 1432 1521 ex
1476 1480 1702 1520 coniectura

173 1553 303 1594 addita
332 1558 511 1592 veterum
542 1552 780 1605 scriptorum
810 1551 998 1590 auxilium
1028 1554 1297 1603 exspectent),
1334 1548 1555 1602 permultae
1585 1546 1703 1587 simul

174 1621 350 1662 sublatae
381 1627 486 1668 sunt,
517 1634 616 1673 quas
647 1633 739 1660 mox
768 1619 1000 1667 videbimus,
1031 1620 1295 1659 difficultates.

289 1690 429 1742 Neque
459 1689 568 1728 enim
600 1689 732 1728 minus
763 1687 877 1728 exilia
908 1693 1004 1727 sunt
1033 1700 1098 1734 ea,
1144 1699 1244 1738 quae
1274 1687 1323 1726 de
1352 1685 1547 1737 thymelae
1577 1686 1704 1723 forma

173 1758 399 1798 traduntur.
461 1757 558 1798 Nam
591 1758 681 1803 duo,
712 1757 817 1808 quod
850 1757 1033 1809 equidem
1064 1756 1196 1803 sciam,
1232 1754 1492 1794 inveniuntur
1532 1752 1703 1804 vestigia,

176 1827 343 1866 alterum
374 1826 417 1865 in
446 1825 657 1877 Etymol.
688 1825 835 1876 Magn.
866 1837 904 1877 p.
936 1824 1030 1864 743.
1063 1825 1158 1864 εἶτα
1198 1821 1309 1877 μετὰ
1343 1821 1422 1876 τήν
1463 1818 1705 1875 ὀρχήστραν

289 1891 469 1947 βωμὸς
498 1885 561 1947 ἤν
580 1893 672 1933 τοῦ
692 1889 990 1941 Διονύσου,
1022 1887 1292 1945 τετράγωνον
1313 1886 1610 1943 οἷκοδόμημα,
1633 1904 1705 1929 κε-

288 1959 363 2002 νὸν
407 1959 484 2000 ἐπὶ
512 1961 590 2001 τοῦ
619 1958 767 2014 μέσου,
798 1956 821 1999 ὃ
853 1959 1052 1999 καλεῖται
1077 1959 1291 2013 ’θυμέλη
1324 1957 1447 2012 παρὰ
1479 1956 1529 1998 τὸ
1559 1954 1705 2004 θύειν,

175 2082 382 2116 luncxctu.
424 2081 482 2115 fol.
522 2093 552 2125 p.
590 2081 621 2114 8.
657 2074 930 2113 κατεσκεύασαν
965 2079 1008 2113 δέ
1043 2091 1137 2116 τινες
1172 2079 1213 2113 ἔν
1244 2080 1437 2122 πολιορκίᾳ
1479 2072 1707 2122 κλιμάκων

173 2141 280 2185 γένη
303 2134 603 2184 παραπλήσια
626 2139 724 2174 τοῖς
759 2137 1023 2181 τιθεμένοις
1052 2135 1098 2170 ἐν
1126 2140 1220 2174 τοῖς
1258 2133 1471 2180 θεάτροις
1507 2133 1619 2180 πρὸς
1654 2131 1703 2166 τὰ

175 2194 433 2244 προσκήνια
457 2198 551 2233 τοῖς
574 2192 845 2240 ὑποκριταῖς.

270 2253 294 2295 ¹)
318 2252 403 2286 Nam
426 2253 512 2286 certi
537 2252 621 2284 nihil
645 2252 805 2285 traditur.

268 2308 298 2351 ²)
321 2309 418 2343 Iuvat
441 2309 515 2352 ipsa
539 2309 733 2350 Hermanni,
757 2319 841 2351 quae
865 2308 905 2341 de
930 2309 992 2340 hac
1015 2318 1055 2340 re
1079 2308 1239 2350 scripsit,
1274 2307 1380 2340 verba
1402 2306 1542 2339 afferre:
1594 2306 1704 2339 Wenn

176 2366 304 2401 Vitruv
340 2366 395 2398 die
419 2366 605 2398 Orchestra
645 2367 685 2399 10
720 2364 804 2398 Furs
840 2365 1014 2407 niedriger
1049 2365 1102 2397 als
1138 2366 1197 2397 das
1222 2365 1440 2398 Prosceuium
1476 2363 1630 2404 angiebt‚
1667 2374 1705 2395 so

177 2424 298 2469 spi-ach
322 2433 362 2456 er
386 2433 450 2455 nur
475 2433 540 2456 von
565 2423 638 2454 dem
664 2423 859 2455 steineruen
885 2421 1043 2455 Gebaude
1079 2423 1143 2454 und
1177 2422 1384 2462 gebrauchte
1420 2422 1494 2453 also
1521 2420 1705 2453 Orchestra

177 2480 212 2513 in
236 2479 402 2513 weiterer
415 2479 612 2519 Bedeutung
635 2489 702 2511 von
728 2479 800 2511 dem
825 2489 955 2521 ganzen
980 2483 1101 2511 untern
1120 2478 1244 2512 Raume
1270 2480 1329 2511 des
1346 2477 1511 2510 Theaters
1535 2477 1704 2509 zwiseheu

177 2537 252 2570 dem
275 2535 493 2569 Proscenium
530 2535 596 2567 und
632 2536 695 2567 den
721 2535 846 2568 Sitzeu.
896 2536 979 2568 Zum
1014 2534 1119 2568 Behuf
1150 2535 1211 2568 der
1235 2533 1450 2575 Auffiihrung
1485 2545 1552 2567 von
1578 2534 1705 2565 Schau-

179 2593 311 2637 spielen
334 2593 417 2625 aber
441 2593 561 2625 wurde
585 2591 645 2625 auf
670 2592 795 2624 diesem
820 2592 936 2625 Platze
971 2593 1025 2625 ein
1053 2603 1116 2624 nur
1151 2592 1206 2624 ein
1232 2602 1313 2634 paar
1337 2590 1454 2624 Stufen
1492 2590 1706 2631 niedrigerer

178 2650 358 2683 breterner
376 2649 486 2681 Boden
510 2660 551 2681 an
569 2650 628 2682 das
645 2648 861 2681 proscenium
888 2649 948 2682 auf
962 2649 1086 2682 Balken
1112 2649 1290 2690 ενι-1611161,
1316 2649 1377 2680 der
1401 2648 1452 2679 bis
1476 2657 1519 2679 au
1543 2647 1597 2678 die
1613 2646 1705 2689 Thy-

178 2707 266 2739 mele
278 2707 420 2746 wichte,
446 2706 501 2738 die
523 2706 557 2738 in
583 2706 643 2738 der
657 2706 759 2738 Mitte
778 2706 877 2746 jenes
891 2705 1034 2739 Rau-nes
1052 2706 1168 2746 staud3
1193 2706 1309 2738 dieser
1322 2704 1552 2738 Breterboden
1567 2702 1655 2736 hiel's
1669 2703 1704 2734 in

179 2772 323 2804 engeren·
347 2763 542 2804 Bedeutung
565 2763 751 2795 Orchestra
777 2764 843 2795 und
875 2764 964 2796 wird
999 2763 1156 2805 gemeint‚
1192 2772 1245 2794 wo
1282 2773 1347 2794 von
1373 2761 1615 2803 Schauspieleu
1650 2759 1705 2791 die

179 2819 271 2852 Rode
294 2819 376 2852 ist-‘⁶
401 2838 445 2843 —
469 2819 554 2860 „Die
579 2819 764 2852 Orchestra
791 2820 851 2852 der
875 2820 1095 2863 Schauspiele
1119 2830 1193 2852 war
1217 2820 1291 2852 also
1321 2824 1411 2851 etwa
1446 2828 1500 2850 um
1532 2818 1551 2848 7
1577 2817 1658 2848 oder
1684 2816 1703 2847 8

178 2875 262 2909 Fusa
285 2877 390 2908 hiiher
425 2877 477 2909 als
508 2876 588 2917 jene
624 2877 659 2909 in
697 2878 861 2910 weiterer
888 2878 1082 2919 Bedeutung
1105 2881 1273 2918 genaunte
1297 2876 1502 2914 Orchestra,
1538 2873 1604 2904 111111
1630 2882 1705 2903 ·nur

178 2933 257 2966 halb
282 2944 319 2965 so
343 2933 450 2974 gross,
476 2933 586 2966 indem
610 2933 660 2966 sie
686 2945 748 2966 nur
773 2934 826 2967 bis
849 2945 891 2967 an
916 2935 971 2967 die
995 2933 1157 2978 Thymele
1181 2933 1348 2967 reichte.“
1388 2931 1413 2973 ³)
1441 2930 1503 2973 [Cf-
1529 2939 1559 2971 P·
1584 2928 1651 2968 33·]

1694 0 1759 26 rw
1764 0 1774 16 ε·
1780 3 1787 30 3
1795 0 1797 5 ¹
1802 0 1816 8 “
1820 0 1827 7 ³
1835 0 2012 30 *ffl-*ssffiw
