2014 3204
814 287 1096 326 —11-

198 406 471 459 coryphaeum,
504 418 580 456 quo
610 404 732 444 totius
761 403 819 443 rei
850 403 906 442 vis
937 408 975 442 et
1005 407 1255 442 momentum
1288 405 1462 452 augetur.
1520 399 1719 439 Accedunt

197 475 310 515 multi
340 474 414 522 alii,
444 474 582 521 veluti:
613 471 847 511 Themist.
879 471 1010 510 Orat.
1043 471 1142 509 XIII.
1179 471 1270 509 175.
1300 471 1342 509 B.
1385 466 1466 522 ὁρᾷ
1495 466 1577 521 γὰρ
1609 465 1720 520 πρὸς

195 539 433 595 τὸν’ζῆλον
461 541 548 581 τῶν
577 536 815 592 βασιλέων,
856 533 1003 592 ὥσπερ
1043 537 1089 579 ἐν
1118 537 1234 591 χορῷ
1264 533 1375 588 πρὸς
1404 534 1452 576 τὸ
1484 533 1721 588 ἐνδόσιμον

196 609 273 652 τοῦ
296 611 541 663 κορυφαίου
564 608 636 648 καὶ
670 602 1024 660 ὅπρωτοστάτης
1047 605 1120 646 καὶ
1143 602 1167 647 o‘
1191 604 1526 658 δευτεροστάτης
1547 619 1584 643 κ.
1614 619 1651 643 τ.
1683 602 1719 643 λ.

198 679 299 728 Quid
331 677 468 718 enim?
501 678 542 716 Si
571 677 689 729 primi
721 677 899 717 omnium
936 677 1116 727 iugorum
1156 676 1329 729 quinque
1368 670 1719 727 (πρωτοστάται)

198 746 389 787 nominati
420 751 551 785 essent
581 746 808 797 coryphaei,
847 745 1088 784 Themis'tius
1119 744 1318 797 quomodo
1349 743 1479 782 dicere
1508 741 1721 794 potuisset:

198 811 508 868 πρωτοστάτης
538 814 714 853 animum
746 814 909 853 advertit
939 814 985 852 ad
1018 812 1224 864 coryphaei
1263 807 1511 861 ἐνδόσιμον.
1580 809 1721 848 Nonne

196 883 426 936 planissime
457 895 578 922 unum
608 887 760 922 tantum
785 881 1104 935 πρωτοστατῶν
1125 879 1330 932 coryphaei
1353 891 1517 918 munere
1538 878 1720 917 functum

197 964 282 992 esse
319 949 458 1003 patet?
516 951 820 990 Philostrat.
853 950 952 989 mai.
986 950 1156 1001 imagg.
1196 948 1260 988 lib.
1301 948 1330 986 I.
1373 961 1405 986 c.
1449 946 1485 986 3.
1519 960 1555 998 p.
1588 947 1625 986 8.
1658 947 1717 986 ed.

195 1020 348 1060 Jacobs.
408 1020 549 1072 θηρία
570 1018 651 1072 γὰρ
682 1013 998 1071 συμβάλλουσα
1029 1014 1290 1070 ἀνθρώποις
1312 1017 1564 1068 περιίστησι
1586 1012 1720 1069 χορὸν

196 1087 256 1142 τῷ
293 1085 509 1141 Αἰσώπῳ,
542 1083 632 1126 ἀπὸ
664 1086 737 1140 τῆς
767 1082 934 1127 ἐκείνου
965 1085 1121 1140 σκηνῆς
1143 1079 1466 1138 συμπλάσασα·
1498 1084 1721 1136 κορυφαῖα

197 1154 247 1196 δὲ
275 1156 351 1196 τοῦ
409 1156 540 1208 χοροῦ
569 1150 594 1208 ἡ
627 1149 813 1208 α’λώπηξ
842 1156 1098 1208 γέγραπται.
1158 1154 1232 1193 Ubi
1263 1154 1310 1193 de
1340 1152 1462 1192 totius
1493 1152 1603 1191 chori
1623 1151 1723 1191 duce

196 1237 422 1265 sermonem
454 1237 540 1263 esse
571 1224 635 1263 vix
663 1224 703 1263 in
735 1224 1001 1275 suspicionem
1033 1222 1238 1262 adduxerit
1264 1222 1487 1274 quisquam.
1518 1244 1572 1249 —-
1604 1220 1721 1259 Deni-

198 1305 294 1345 que,
341 1292 409 1344 qui
455 1304 545 1331 cum
591 1291 732 1331 Photio
777 1293 926 1344 optime
965 1291 1190 1331 consentire
1228 1290 1381 1330 videtur
1418 1288 1722 1328 Posidonius

198 1361 297 1413 apud
335 1360 638 1400 Athenaeum
677 1360 742 1399 lib.
775 1360 834 1400 lV.
879 1360 970 1399 152.
1003 1361 1040 1399 b.
1073 1355 1178 1400 ὅταν
1217 1357 1265 1399 δὲ
1306 1357 1507 1404 πλείονες
1545 1355 1719 1397 συνδει-

198 1428 359 1476 πνῶσι,
391 1426 613 1481 κάθηνται
643 1427 723 1481 μὲν
753 1426 799 1469 ἒν
829 1426 994 1481 κύκλῳ,
1027 1428 1159 1480 μέσος
1189 1425 1226 1466 δ’
1257 1424 1280 1467 o‘
1313 1424 1553 1479 κράτιστος,
1586 1422 1641 1472 ὠς
1672 1421 1725 1464 ἂν

198 1502 438 1551 κορυφαῖος
467 1495 611 1550 χοροῦ.
672 1496 917 1548 Quamquam
948 1497 1021 1535 hoc
1052 1495 1211 1547 quidem
1243 1496 1289 1535 ad
1329 1495 1490 1534 chorum
1532 1493 1717 1545 cyclicum

197 1567 343 1605 referre
373 1570 557 1616 praestat,
590 1564 782 1616 siquidem
815 1565 962 1604 dictum
995 1570 1073 1604 est:
1107 1566 1172 1611 „in
1203 1564 1328 1603 orbem
1360 1562 1593 1602 consident.“

310 1633 446 1685 Neque
483 1645 573 1672 vero
611 1645 683 1671 sua
722 1633 922 1673 sententia
962 1633 1155 1672 abductus
1194 1631 1404 1671 Muellerus
1435 1636 1540 1670 recte
1573 1630 1724 1670 videtur

197 1702 480 1754 interpretatus
512 1714 597 1741 esse
627 1702 756 1741 locum
787 1701 1037 1741 Aristotel.
1074 1701 1169 1740 Pol.
1192 1701 1255 1740 III.
1280 1701 1316 1739 2.
1340 1693 1503 1752 ἀνάγκη
1526 1697 1584 1753 μὴ
1606 1700 1716 1751 μίαν

197 1771 311 1811 εἶναι
328 1768 404 1823 την
419 1769 503 1810 τῶν
519 1768 712 1810 πολιτῶν
729 1764 912 1810 πάντων
927 1767 1098 1823 ἀρετήν,
1120 1765 1268 1821 ὥσπερ
1286 1765 1387 1808 οὐδὲ
1408 1767 1494 1808 τῶν
1513 1767 1725 1818 χορευτῶν

198 1840 440 1892 κορυφαίου
471 1837 546 1877 καὶ
578 1835 876 1891 παραστάτου,
907 1838 953 1876 ad
985 1850 1102 1889 quem
1140 1850 1178 1888 p.
1211 1836 1264 1876 83
1296 1837 1347 1876 ita
1380 1836 1557 1876 disserit:
1590 1836 1725 1881 „Dar-

199 1921 266 1948 um
294 1908 391 1947 stellc
423 1908 517 1947 atech
548 1907 759 1946 Aristoteles
790 1907 860 1945 den
894 1905 1115 1958 Coryphden
1145 1906 1203 1945 (lie
1234 1900 1516 1958 παραστάται
1539 1912 1724 1956 εηίρθῃοη,

200 1975 381 2016 wodurch
409 1975 505 2014 wohl
529 1974 638 2025 jedes
675 1974 819 2014 hintere
853 1974 959 2013 Glisd
998 1977 1050 2013 im
1081 1974 1319 2024 Verhcllcm‘ss
1348 1986 1436 2013 zum
1468 1973 1632 2013 vordern
1662 1973 1726 2012 be—

198 2044 364 2084 zeichnet
393 2044 528 2083 τουτί’*
570 2042 909 2094 Simplicissimam
948 2043 1127 2094 equidem
1169 2042 1212 2081 in
1247 2041 1305 2080 his
1345 2041 1472 2081 verbis
1503 2041 1604 2081 hane
1634 2054 1725 2080 sen·

198 2113 362 2152 tentiam
396 2112 527 2151 inesse
558 2123 789 2162 persuasum
823 2110 966 2150 habeo:
1028 2111 1138 2157 „Non
1169 2111 1325 2150 eandem
1364 2116 1507 2162 oportet
1536 2122 1612 2149 esse
1642 2121 1727 2149 om—

198 2185 304 2222 nium
342 2183 478 2220 civium
523 2182 722 2225 virtutem,
768 2179 1084 2231 quemadmodum
1120 2192 1167 2218 ne
1205 2179 1308 2231 apud
1345 2179 1542 2218 choraulas
1579 2179 1728 2231 quidem

199 2249 401 2301 coryphaei
426 2254 459 2287 ec
489 2250 580 2294 eius,
612 2250 679 2299 qui
705 2250 818 2287 mma
846 2260 931 2286 eum-
961 2252 1066 2287 stet.“
1127 2247 1229 2287 Nihil
1252 2247 1357 2286 enim
1381 2247 1486 2286 aliud
1507 2246 1727 2297 significare

198 2323 330 2370 potest
376 2306 678 2370 παραστάτης;
722 2316 792 2355 sed
839 2317 1094 2368 desumptum
1142 2316 1189 2355 ab
1236 2315 1427 2355 exercitus
1472 2314 1728 2366 dispositione

199 2386 410 2439 praecipue
449 2397 539 2424 euni
580 2384 779 2435 designat,
821 2384 886 2435 qui
918 2384 1077 2424 adstans
1108 2384 1274 2424 adiuvat.
1308 2383 1363 2423 Cf.
1396 2383 1564 2422 Aesch.
1596 2383 1726 2422 Pers.

199 2469 234 2495 v.
267 2453 361 2494 918.

388 2557 478 2597 ποῦ
510 2554 559 2596 δέ
590 2566 662 2595 σοι
693 2553 976 2609 παραστάται
986 2573 1000 2605 ,-

199 2658 369 2710 Polyb.
403 2658 535 2697 XVIII.
572 2655 633 2695 12.
667 2657 714 2704 53
751 2656 812 2705 13,
846 2655 883 2695 8.
916 2658 976 2696 ed.
1009 2657 1222 2707 Schweigh.
1255 2656 1314 2695 all.
1339 2654 1468 2695 Suid.
1491 2667 1524 2693 v.
1549 2665 1728 2707 παρα-

201 2724 419 2765 στάται·
476 2722 518 2765 οἳ
574 2722 781 2777 ὁμόζυγοι
832 2725 914 2764 τῶν
961 2722 1100 2775 λόχων
1160 2721 1441 2778 παραστάται
1486 2723 1575 2779 [καὶ
1626 2722 1728 2763 ἐπι-

202 2791 374 2847 στάται]
399 2792 476 2833 διὰ
505 2792 553 2834 τὸ
587 2794 688 2847 παρ’
718 2790 923 2846 ἀλλήλοις
960 2793 1194 2833 ἵστασθαι·
1233 2791 1304 2831 καὶ
1343 2797 1645 2847 παραστατεῖν
1679 2789 1727 2832 τὸ

201 2868 458 2915 συμμαχεῖν.
