2014 3204
948 216 1257 258 —218—

345 335 432 387 gula
463 335 660 375 schemata
692 334 917 374 efficiuntur
939 339 1081 382 motus,
1112 339 1246 373 tamen
1267 333 1343 373 nisi
1363 334 1438 386 ipsi
1460 346 1591 374 coram
1613 347 1883 376 cerneremus—

348 416 488 444 omnes
519 404 605 443 illos
636 409 781 456 gestus,
813 403 984 455 cogitare
1006 403 1066 443 vix
1087 415 1307 455 possemus,
1340 403 1541 455 quomodo
1570 403 1662 444 inde
1690 404 1785 445 haec
1805 404 1864 445 vel

345 473 408 513 illa
439 473 545 513 nasci
575 478 708 526 posset
738 474 874 525 figura.
933 472 1273 519 Quemadmodum
1305 471 1410 510 enim
1440 470 1499 510 vel
1529 472 1676 512 nostris
1704 478 1865 526 tempo·—

346 542 454 582 ribus
486 542 552 594 qui
582 542 730 582 Italiam
762 554 843 582 non
876 542 1025 585 viderit,
1057 541 1118 580 vix
1145 540 1292 593 poterit
1312 540 1536 580 coniectura
1567 541 1734 593 assequi,
1762 555 1863 594 quae

345 611 394 651 sit
422 612 607 651 Italorum
648 612 827 664 inprimis
859 611 1201 663 Neapolitanorum
1248 610 1295 650 ad
1339 621 1451 649 sensa
1496 622 1566 649 sua
1611 609 1864 662 exprimenda

346 681 552 733 singularis
582 688 765 732 gestuum
796 681 962 721 varietas
994 685 1033 719 et
1063 680 1219 727 veritas,
1251 692 1299 718 ne
1330 678 1447 718 unico
1479 678 1638 730 quidem
1667 678 1732 719 illo
1763 678 1864 719 libro

345 764 464 803 quem
493 751 540 790 de
570 751 722 800 Jori01)
755 750 990 803 conscripsit
1019 749 1317 800 diligentissime
1347 749 1460 795 lecto,
1492 748 1549 788 sic
1577 747 1702 788 multo
1734 748 1865 788 minus

346 820 463 860 etiam
496 833 543 859 ex
574 820 836 873 descriptione
867 820 927 860 vel
957 819 1249 859 accuratissima
1279 818 1529 866 Graecorum,
1568 817 1635 869 qui
1664 822 1749 857 tum
1780 818 1867 858 fue-

344 894 439 929 runt
469 889 652 929 omnibus
683 890 898 941 palaestrae
927 888 1223 940 saltationisque
1245 886 1586 927 exercitationibus
1617 886 1772 938 eruditi,
1805 886 1865 926 di·

344 958 493 998 iudices
540 963 677 997 artem.
739 957 781 997 Si
826 958 912 1009 quis
950 962 1082 997 tamen
1128 957 1242 1009 paulo
1289 956 1427 996 clarius
1458 956 1558 996 hanc
1586 968 1670 995 rem
1700 955 1867 995 voluerit

345 1027 581 1079 perspicere,
612 1027 644 1066 ei
669 1026 827 1066 Luciani
850 1027 1024 1067 adeunda
1057 1039 1173 1078 quam
1206 1026 1253 1065 de
1283 1025 1488 1065 saltatione
1519 1024 1753 1076 conscripsit
1781 1024 1864 1063 dis—

344 1096 507 1149 putatio,
556 1097 596 1135 in
628 1108 704 1148 qua
735 1096 1001 1148 pantomimis,
1032 1108 1201 1147 quorum
1232 1107 1294 1134 ars
1326 1107 1372 1134 ex
1402 1093 1739 1145 hyporchematica
1770 1093 1863 1132 cho-

345 1171 547 1206 reutarum
579 1165 730 1205 actione
761 1166 934 1217 profecta
967 1169 1048 1212 est,
1094 1164 1302 1203 innumera
1331 1163 1388 1203 vis
1420 1162 1664 1202 schematum
1696 1162 1743 1202 ad
1773 1161 1864 1202 imi-

344 1235 509 1274 tandum
541 1239 600 1274 est
628 1234 841 1286 proposita.

460 1303 542 1343 Hoc
571 1303 700 1343 solum
731 1302 839 1342 iuvat
869 1301 1022 1349 addere,
1053 1301 1159 1353 quod
1191 1301 1264 1340 alio
1294 1301 1379 1341 loco
1411 1299 1604 1352 copiosius
1635 1298 1863 1351 exposui2),

344 1371 563 1413 artificiosis
592 1371 666 1411 illis
696 1371 916 1412 saltationis
946 1370 1084 1410 formis
1105 1370 1146 1410 in
1167 1370 1367 1421 tragoedia
1398 1370 1622 1410 consultum
1652 1368 1773 1408 fuisse
1802 1380 1866 1408 ar-

343 1442 506 1482 tificiosa
538 1441 815 1481 ehoreutarum
847 1439 1124 1487 collocatione,
1155 1440 1205 1479 ita
1238 1444 1280 1478 ut
1312 1452 1358 1478 ex
1389 1452 1465 1491 quo
1499 1437 1723 1490 quindecim
1753 1443 1867 1477 erant

347 1512 569 1557 choreutae,
617 1515 686 1550 aut
729 1515 885 1549 ternum
933 1509 1107 1561 quinque
1140 1508 1298 1548 ordines
1330 1503 1471 1558 (ζυγά)
1517 1507 1756 1553 incederent,
1801 1511 1868 1546 aut

346 1580 558 1633 quinorum
589 1585 670 1619 tres
703 1581 934 1629 (στοῖχοι),
980 1578 1088 1629 iique
1132 1577 1187 1617 sic
1214 1590 1284 1629 per
1312 1577 1433 1617 lineas
1466 1575 1695 1628 quasdam3)
1726 1576 1769 1615 in
1799 1588 1865 1615 or-

346 1649 500 1689 chestra
533 1648 737 1700 discriptas
769 1648 1074 1695 instruerentur,
1106 1653 1149 1687 ut
1178 1646 1336 1686 sinister
1366 1659 1503 1685 versus
1535 1646 1740 1696 (στοῖχος)
1771 1656 1864 1697 pro—

348 1719 450 1758 xime
482 1718 716 1757 consisteret
745 1731 766 1757 a
797 1716 1094 1769 spectatoribus,
1126 1717 1260 1755 dexter
1291 1715 1466 1767 proxime
1497 1727 1518 1754 a
1549 1726 1700 1755 scaena.
1742 1714 1864 1753 Voca-

349 1788 493 1827 bantur
523 1793 653 1841 autem
685 1786 834 1826 sinistri
864 1797 999 1825 versus
1037 1785 1246 1824 choreutae
1282 1780 1640 1837 ἆριστεροστάται
1671 1781 1868 1834 iidemque

348 1868 436 1896 cum
466 1855 711 1906 singulorum
742 1855 921 1905 iugorum
955 1859 1086 1893 essent
1115 1853 1230 1905 primi
1262 1850 1582 1906 πρωτοστάται.
1631 1851 1680 1891 Et
1709 1851 1749 1890 hi
1779 1850 1868 1903 qui-

349 1925 438 1964 dem
470 1921 778 1978 πρωτοστάται
811 1909 1055 1975 singulorum
1090 1928 1280 1970 motuum,
1312 1922 1379 1974 qui
1408 1922 1451 1960 in
1481 1920 1651 1973 strophis
1681 1921 1867 1960 antistro-

348 1994 514 2047 phisque
542 1993 699 2039 fiebant,
746 1999 858 2033 erant
888 1993 1007 2032 duces
1040 1986 1300 2045 (ἡγεμόνες),
1345 2002 1564 2041 eorumque
1608 1989 1674 2041 qui
1714 1988 1866 2028 medius

349 2063 561 2104 collocatus
606 2067 687 2102 erat
744 2061 908 2115 (τρίτος
961 2058 1208 2115 ἀριστεροῦ)
1263 2060 1341 2099 dux
1385 2059 1593 2111 primarius
1606 2058 1636 2106 ⁴)
1682 2053 1867 2111 (ἡγεμών

444 2215 470 2257 ¹)
496 2214 543 2247 La
568 2214 700 2247 mimica
724 2213 814 2255 degli
839 2213 966 2245 antichi
991 2212 1200 2254 investigata
1230 2211 1284 2244 1161
1309 2211 1437 2252 gestire
1461 2209 1663 2253 Napolitano
1691 2209 1746 2242 del
1767 2218 1867 2240 cano—

351 2274 425 2306 nico
452 2273 588 2306 Andr-ea
620 2272 664 2304 de
689 2272 821 2304 Jorio.
870 2270 993 2314 Napoli
1025 2270 1121 2305 1832.
1149 2288 1192 2293 -
1218 2269 1326 2302 Multa
1355 2269 1391 2301 in
1415 2269 1476 2301 hoe
1501 2277 1623 2309 genere
1649 2266 1784 2309 egregie
1808 2276 1867 2298 ex-

351 2332 493 2375 plicavit
516 2331 552 2363 F.
581 2330 799 2363 Wieseler
823 2330 874 2361 in:
899 2328 1196 2370 Theatergebiiude
1221 2327 1286 2360 und
1304 2325 1507 2359 Denkmiiler
1524 2326 1582 2358 des
1599 2325 1866 2358 Biihnenwesens

351 2390 406 2423 bei
432 2390 494 2422 den
521 2389 689 2422 Griechen
715 2387 779 2419 und
807 2386 958 2419 Riimern.
1009 2386 1192 2427 Gottingen
1221 2385 1317 2418 1851.

441 2447 466 2488 2)
494 2447 640 2481 Rerum
666 2445 863 2478 scaenica
878 2455 962 2477 rum
987 2444 1128 2487 capita
1152 2443 1329 2476 selecta.
1376 2441 1529 2474 Berolini
1557 2440 1652 2473 1835.
1701 2439 1746 2473 De
1771 2439 1867 2471 chori

351 2505 474 2547 tragici
494 2504 701 2548 principibus
726 2501 896 2546 1›.4--20.
924 2502 1098 2543 [Scaenica
1122 2511 1154 2543 p.
1181 2501 1199 2532 5
1225 2501 1306 2543 sqq.]
1333 2498 1383 2532 Cf.
1407 2498 1446 2531 R.
1473 2497 1691 2538 Schultze‚
1716 2497 1755 2530 de
1771 2495 1867 2529 chori

353 2562 558 2596 Graecorum
576 2561 699 2603 tragici
724 2560 839 2593 habitu
864 2564 1018 2592 externo.
1067 2558 1218 2591 Berolini
1245 2557 1342 2591 1856.

443 2619 471 2662 ³)
496 2619 672 2663 Hesych.
696 2619 911 2665 γραμμαί.
958 2617 1130 2660 γραμμαὶ
1153 2615 1191 2649 ἐν
1217 2611 1400 2661 ὀρχήστρᾳ
1425 2608 1528 2654 ἦσαν,
1554 2609 1600 2649 ὡς
1625 2607 1816 2655 τὸνχορὸν
1830 2609 1869 2645 ἰν

352 2679 484 2721 στοίχῳ
508 2677 691 2710 ἵστασθαι.
746 2677 796 2708 Ad
829 2675 915 2708 idem
946 2673 1116 2707 referendi
1151 2673 1310 2705 videntur
1334 2671 1390 2714 qui
1417 2669 1629 2703 nominantur
1654 2668 1869 2713 ἐπιμεληταί.

353 2736 461 2769 Suid.
486 2733 698 2780 ἐπιμεληταὶ
722 2732 1011 2777 ἑχειροτονοῦντο
1036 2732 1107 2764 τῶν
1126 2731 1261 2776 χορῶν,
1286 2726 1332 2765 ὡς
1347 2725 1398 2773 μὴ
1416 2723 1582 2761 ἀτακτεῖν
1601 2723 1681 2763 τοὺς
1692 2721 1870 2772 χορευτὰς

351 2794 390 2828 ἐν
413 2795 487 2830 τοῖς
511 2789 690 2838 θεάτροις.

442 2850 471 2892 ⁴)
495 2851 524 2882 J.
551 2848 879 2889 Sommerbrodt,
905 2848 1023 2881 Rerum
1042 2846 1271 2879 scaenicarum
1290 2843 1401 2886 capita
1419 2843 1558 2875 selecta.
1593 2842 1641 2874 De
1659 2840 1867 2885 Coryphaeo.

354 2920 382 2951 p.
410 2909 429 2940 9
455 2919 523 2950 sqq.
552 2907 723 2948 [Scaenira
748 2917 777 2949 p.
803 2906 846 2946 9.]
