2014 3204
727 266 784 271 —
844 243 923 284 143
981 265 1036 272 --

119 355 215 397 satis
257 356 352 397 illud
397 359 556 411 quidem
600 358 857 411 sequentibus
902 358 1031 399 verbis
1073 359 1314 407 illustratur,
1359 371 1459 413 quae
1503 361 1647 401 docent

118 423 410 476 Agatharchum
459 425 885 479 scaenamsspinxisse,
932 439 1242 481 scaenaeque
1300 429 1541 481 picturam
1599 430 1648 469 in

119 491 425 547 disciplinae
459 495 668 536 formam
710 494 994 547 redegisse,
1026 496 1196 549 denique
1225 497 1274 537 ‹le
1318 509 1362 537 ea
1405 505 1499 545 arte,
1547 509 1648 550 quae

119 563 427 616 scaenographia
447 564 676 605 nominatur
704 563 796 612 (nos
826 562 994 604 dicimus
1017 564 1473 617 ‚‚Perspectivmalerei“)
1503 565 1646 606 librum

120 630 338 684 scripsisse.
400 631 520 673 Cuius
549 632 609 673 rei
638 632 738 673 fides
766 632 904 673 velveo
935 636 1114 684 augetur,
1146 634 1250 685 quod
1282 633 1369 674 aliis
1400 647 1559 687 quoque
1588 634 1647 674 lo-

120 699 177 739 cis
206 699 476 752 Agatharchus
506 699 665 753 quidam
694 699 822 752 pictor
842 699 1075 748 celebratur,
1105 713 1226 754 quem
1256 702 1427 743 maxime
1445 702 1648 755 probabile

121 772 183 807 est
211 779 234 808 a
261 773 402 809 nostro
433 779 515 808 non
543 768 750 817 differre1).
795 768 909 816 Quod
939 774 1072 809 autem
1103 769 1305 811 Vitruvius
1334 771 1515 823 Aeschyli
1546 777 1647 811 tem-

119 846 218 887 pore
246 848 339 877 eum
368 847 551 877 scaenam
585 836 801 877 instituisse
832 836 936 884 dicit,
981 842 1119 878 contra
1147 839 1379 880 Aristoteles
1410 839 1649 892 Sophoclem

119 903 295 956 primum
323 904 629 957 scaenographia
659 916 777 944 usum
807 916 904 952 esse,
934 905 974 945 id
1003 917 1087 946 non
1116 906 1242 958 magis
1272 912 1405 960 potest
1435 907 1649 956 offendere,

119 983 238 1024 quam
268 973 374 1024 quod
403 972 468 1013 alii
484 972 720 1026 Aeschylum
749 972 910 1014 tertium
930 973 1166 1014 histrionem
1198 975 1424 1016 adhibuisse
1454 981 1648 1026 statuunt,

118 1039 186 1080 alii
214 1040 466 1093 Sophoclem.
524 1041 676 1094 Nempe
705 1041 763 1082 sic
791 1054 856 1082 res
888 1055 930 1082 se
961 1042 1092 1083 habet.
1154 1043 1315 1084 Constat
1343 1045 1579 1097 Aeschylum
1609 1049 1651 1084 et

118 1108 366 1161 Sophoclem,
398 1109 490 1150 licet
518 1109 617 1150 alter
646 1109 764 1151 fuerit
794 1111 918 1151 altero
948 1111 1150 1164 aliquanto
1195 1113 1326 1153 minor
1374 1118 1485 1159 natu,
1530 1112 1651 1153 fuisse

119 1176 303 1230 aequales
332 1182 371 1217 et
400 1183 615 1231 utrumque
645 1178 785 1219 eodem
815 1184 998 1232 tempore
1026 1180 1068 1220 in
1089 1181 1244 1221 theatro
1276 1174 1424 1222 fabulas
1454 1181 1647 1222 docuisse.

120 1244 255 1297 ltaque
297 1249 342 1284 ut
386 1245 485 1285 fides
514 1245 696 1286 habenda
738 1252 798 1287 est
840 1248 1148 1301 locupletissimo
1193 1250 1295 1298 testi,
1324 1249 1539 1298 Aristoteli,
1583 1249 1652 1302 qui

122 1311 357 1365 Sophoclem
387 1313 548 1354 tertium
594 1314 826 1356 histrionem
870 1317 1068 1359 addidisse
1113 1318 1252 1366 tradit,
1295 1319 1349 1359 ita
1393 1330 1475 1358 non
1518 1318 1651 1358 minus

120 1391 259 1421 verum
287 1387 362 1430 est,
393 1381 630 1435 Aeschylum
678 1388 718 1423 et
759 1384 889 1437 ipsum
918 1391 1010 1438 post
1054 1399 1146 1427 eum
1190 1387 1318 1427 tribus
1363 1399 1482 1427 usum
1526 1386 1652 1426 fuisse

124 1449 336 1498 actoribus,
365 1449 407 1490 id
436 1451 543 1503 quod
573 1464 621 1491 ex
651 1453 860 1503 tragoediis
894 1454 980 1495 eius
1011 1454 1226 1495 clarissime
1269 1460 1444 1507 apparet.
1502 1455 1652 1495 Eadem

121 1529 215 1557 vero
245 1517 574 1571 scaenographiae
604 1518 759 1560 videtur
788 1533 874 1561 esse
903 1523 1015 1563 ratio.
1078 1523 1177 1563 Nam
1208 1523 1420 1576 Sophocles
1462 1523 1526 1564 illa
1569 1528 1652 1563 arte

122 1597 263 1627 recens
293 1586 459 1627 fortasse
489 1587 648 1628 inventa
678 1600 771 1628 cum
817 1589 971 1642 prImus
1017 1597 1123 1632 esset
1153 1604 1271 1637 usus,
1302 1592 1467 1632 eandem
1496 1591 1538 1631 in
1581 1603 1652 1631 sua

122 1666 261 1695 scaena
289 1654 536 1696 instituenda
566 1657 768 1709 usurpavit
796 1658 1024 1711 Aeschylus.
1085 1660 1223 1713 Neque
1261 1672 1354 1699 vero
1401 1670 1543 1699 omnes
1571 1659 1652 1699 iam

121 1722 298 1771 sublatae
327 1729 421 1764 sunt
449 1723 708 1765 difficultates.
769 1726 910 1767 Nonne
940 1728 1060 1774 enim,
1104 1729 1179 1769 hoc
1207 1728 1240 1769 si
1284 1728 1337 1767 ita
1382 1727 1651 1774 statuerimus,

123 1790 352 1843 negabimus
382 1791 518 1840 iidem,
550 1793 592 1832 in
622 1793 777 1845 primis,
818 1807 915 1848 quas
945 1796 1160 1848 Aeschylus
1190 1801 1282 1836 ante
1312 1795 1549 1848 Sophoclem
1580 1795 1653 1834 do-

124 1858 263 1907 cuerit,
292 1859 446 1908 fabulis,
477 1873 656 1901 scaenam
686 1862 812 1903 fuisse
842 1862 1018 1915 pictam?
1075 1864 1232 1912 Fateor,
1276 1864 1352 1903 hoc
1393 1875 1511 1915 posse
1540 1862 1653 1903 facile

123 1927 287 1980 opponi.
347 1928 503 1969 Atenim
535 1930 704 1970 multum
733 1930 900 1971 interest
930 1931 1034 1971 inter
1064 1931 1383 1971 exercitationem
1414 1931 1508 1970 artis
1538 1935 1657 1982 atque

123 1995 216 2035 artis
247 1996 504 2048 disciplinam.
563 1997 687 2037 Multo
719 1999 826 2038 enim
855 1999 965 2051 prius
996 1998 1162 2038 existere
1193 1998 1322 2038 solent
1365 2003 1490 2045 artes,
1535 2011 1655 2051 quam

124 2064 268 2103 artium
298 2064 397 2104 ratio
428 2070 546 2118 atque
578 2066 769 2106 doctrina.
829 2067 1172 2114 Quemadmodum
1208 2065 1340 2116 igitur,
1386 2070 1431 2104 ut
1475 2067 1654 2118 exemplo

123 2143 208 2172 rem
238 2132 445 2181 illustrem,
475 2134 585 2186 prius
616 2141 791 2175 oratores
821 2135 929 2188 iique
968 2148 1052 2175 non
1097 2133 1379 2174 contemnendi
1425 2135 1655 2182 extiterunt,

126 2212 244 2252 quam
274 2200 316 2240 in
346 2201 573 2254 disciplinae
603 2203 774 2242 formam
805 2203 961 2242 redacta
993 2209 1097 2243 esset
1132 2202 1286 2243 dicendi
1328 2215 1406 2250 ars,
1449 2203 1502 2242 ita
1546 2203 1655 2255 prius

126 2266 336 2308 exercitam
368 2281 455 2309 esse
485 2270 626 2323 opinor
655 2283 822 2311 scaenae
842 2271 1065 2323 pingendae
1094 2277 1232 2319 artem,
1264 2283 1382 2323 quam
1414 2271 1507 2311 artis
1537 2284 1656 2323 prae-

128 2341 239 2387 cepta
270 2341 310 2376 et
338 2336 498 2378 inventa
529 2345 663 2379 essent
692 2345 731 2378 et
759 2339 901 2379 litteris
932 2345 1070 2390 coepta
1101 2340 1279 2379 mandari
1290 2338 1342 2392 ²).
1412 2339 1522 2386 Quae
1567 2351 1657 2379 cum

219 2499 248 2541 ¹)
273 2498 321 2532 Cf.
347 2498 603 2533 Plutarch.
629 2499 875 2534 Alcibiad.
901 2513 931 2536 c.
959 2501 1010 2534 16.
1036 2501 1311 2542 Letronne‚
1336 2501 1458 2534 lettres
1475 2501 1551 2533 d'un
1568 2501 1658 2533 anti-

128 2557 246 2598 quaire
270 2555 291 2589 ῗι
314 2568 358 2590 un
383 2557 508 2590 artiste
533 2566 593 2589 sur
619 2556 768 2600 l'emploi
792 2560 834 2592 de
863 2559 1020 2602 peinturc
1050 2558 1241 2600 historiquc
1266 2558 1405 2590 murale.
1431 2557 1529 2590 Paris
1559 2558 1655 2591 1840.

219 2616 248 2655 ²)
271 2613 383 2647 Nimis
422 2614 541 2647 acerbe
581 2614 640 2646 sed
677 2616 814 2657 egregie
844 2621 954 2649 tamen
994 2617 1034 2648 de
1068 2616 1130 2648 hae
1162 2625 1200 2647 re
1232 2619 1350 2647 contra
1384 2614 1657 2654 Lessingium

128 2670 303 2711 (Laokoon
327 2676 363 2704 et
386 2672 639 2714 antiquarische
652 2671 782 2713 Briefe)
806 2672 997 2715 disputavit
1022 2674 1061 2705 Α.
1089 2673 1145 2705 W.
1172 2671 1294 2704 Schle
1304 2671 1372 2712 gel
1397 2671 1432 2711 (l.
1460 2670 1480 2702 1.
1508 2681 1538 2713 p.
1564 2671 1657 2711 302),

130 2727 213 2768 „Die
238 2727 382 2760 malerei
408 2729 467 2769 ist,
492 2730 577 2762 nach
594 2730 668 2762 dem
685 2729 944 2770 allgemeinsteu
964 2730 1107 2770 Begriffe
1133 2729 1186 2762 die
1203 2727 1327 2769 Itum,
1352 2728 1406 2759 die
1422 2728 1658 2769 Erscheinung

130 2783 361 2826 kiirperlicher
400 2785 482 2817 oder
521 2786 708 2829 iiberhaupt
747 2786 938 2819 sichtbarer
984 2786 1222 2828 Gegenst'zinde
1258 2785 1320 2818 auf
1348 2786 1424 2818 eine
1454 2785 1580 2818 Fliiche
1616 2797 1658 2818 zu

130 2841 346 2882 iibertragen,
373 2843 436 2874 und
460 2842 514 2874 ihr
537 2843 644 2875 durch
680 2842 734 2874 die
759 2843 997 2884 Nachahmung
1022 2843 1134 2875 Dauer
1171 2853 1212 2875 zn
1250 2843 1434 2876 verleiheu.
1484 2843 1545 2875 Die
1570 2842 1655 2874 Per-

131 2899 284 2940 spectivc
309 2899 375 2930 soll
401 2899 460 2932 das
485 2899 582 2931 dabei
607 2911 647 2931 zu
686 2899 938 2933 heobachtende
980 2899 1169 2934 Verfahren
1209 2910 1269 2933 aus
1305 2901 1367 2932 den
1406 2899 1573 2932 Gesetzen
1598 2900 1656 2932 des
