2014 3204
944 210 1251 253 -234—

447 327 529 369 Hae
576 340 667 368 cum
713 332 846 367 essent
886 332 947 367 tot
976 332 1186 379 tantaeque
1217 327 1461 367 difficultates
1491 340 1647 368 summa
1678 328 1856 369 videmus

337 408 435 448 opus
479 395 601 436 fuisse
645 401 740 443 arte,
786 402 831 435 ut
875 401 988 436 motu
1018 402 1210 448 gestuque
1238 395 1452 436 histriones
1484 395 1773 447 elegantissimo
1802 395 1858 436 illi

337 463 599 511 Graecorum,
629 464 864 515 praesertim
896 464 1197 505 Atheniensium
1228 464 1394 512 iudicio,
1425 469 1470 504 ut
1499 463 1743 516 placuerunt,
1772 464 1857 517 pla-

335 543 425 571 cere
454 531 672 584 potuerint.
734 532 843 579 Quae
874 533 1033 584 quidem
1063 546 1125 574 ars
1157 533 1198 573 in
1238 533 1389 573 duabus
1427 531 1699 585 postissimum
1739 531 1858 572 rebus

333 599 486 640 videtur
515 600 638 640 fuisse
668 601 807 652 posita.
867 601 966 641 Nam
998 602 1206 654 primum
1238 602 1400 654 quidem
1430 613 1584 641 summa
1614 600 1859 651 flagitabatur

332 668 508 720 corporis
541 669 788 718 exercitatio,
819 670 929 710 cuius
961 683 1036 723 ope
1066 671 1310 717 efficeretur,
1354 674 1407 710 ut
1457 668 1662 709 maxima
1709 681 1858 710 mem-

333 737 537 776 brorum
568 737 785 779 firmitas
818 739 1084 779 coniuncta
1117 743 1246 778 esset
1276 750 1377 778 cum
1410 737 1590 778 eximia
1621 737 1858 790 corporis

331 805 684 856 mobilitate1).
743 806 903 846 Etenim
943 808 976 848 si
1005 808 1093 860 quis
1124 819 1207 847 non
1238 806 1418 846 omnium
1448 804 1624 858 corporis
1655 805 1859 846 membro-

329 886 419 914 rum
451 875 547 914 adeo
586 880 646 914 est
685 887 867 927 compos,
907 882 951 916 ut
988 877 1098 917 facile
1128 881 1269 916 nutum
1300 875 1621 926 voluntatemque
1651 887 1764 915 suam
1793 888 1857 915 se-

332 947 516 994 quantur,
548 942 581 982 is
613 944 794 994 quamvis
824 944 1047 984 rectissime
1076 944 1325 993 intellexerit,
1357 943 1492 996 quales
1519 942 1594 982 sibi
1616 943 1859 995 exprimendi

329 1009 482 1049 sintin
512 1022 653 1050 scaena
694 1024 840 1060 mores,
885 1026 906 1052 a
950 1013 1152 1065 proposito
1196 1013 1312 1064 longe
1357 1010 1562 1051 aberrabit.
1637 1011 1857 1052 Alterum

329 1091 410 1118 non
442 1078 574 1117 minus
605 1081 877 1121 necessarium
907 1082 983 1121 hoc
1012 1086 1108 1129 erat,
1154 1086 1205 1120 ut
1249 1081 1333 1132 qui
1377 1080 1445 1120 ita
1490 1083 1625 1119 esset
1654 1081 1857 1120 exerci—

328 1152 466 1187 tatus
497 1147 626 1187 idem
659 1149 776 1200 quid
807 1149 855 1189 in
886 1162 1083 1202 quaque
1114 1161 1165 1188 re
1194 1149 1399 1189 deceret
1428 1153 1566 1188 recte
1610 1148 1857 1190 diiudica—

327 1215 446 1264 ret2)
479 1216 738 1269 omninoque,
771 1218 877 1270 quod
907 1218 1180 1269 gravissimum
1213 1224 1289 1266 est,
1322 1217 1483 1256 modum
1514 1221 1681 1256 teneret.

440 1286 500 1325 Et
530 1285 661 1325 illud
700 1286 906 1338 quidem
937 1287 1223 1338 palaestrae
1254 1291 1301 1326 et
1332 1285 1636 1326 saltationis
1667 1285 1857 1326 studiis

329 1361 407 1395 est
437 1355 642 1402 factum,
689 1368 790 1407 quae
829 1355 890 1395 vel
935 1355 1105 1395 maxime
1140 1354 1372 1394 necessaria
1420 1365 1520 1401 esse,
1565 1366 1656 1394 cum
1701 1358 1860 1394 nostrae

329 1424 465 1464 aetatis
498 1423 716 1463 histriones
749 1424 795 1463 ad
827 1435 952 1464 unum
984 1436 1123 1464 omnes
1155 1424 1363 1463 videantur
1392 1422 1572 1470 nescire,
1612 1422 1745 1463 Cicero
1775 1427 1858 1463 tam

328 1492 481 1544 egregie
513 1491 717 1549 intellexit,
764 1496 816 1531 ut
845 1492 991 1544 plane
1037 1491 1322 1544 negaret³)‚
1369 1502 1667 1544 quemquam
1710 1503 1857 1543 posse

327 1560 630 1600 satisfacere
661 1560 710 1600 in
742 1566 918 1612 gestu,
951 1561 1058 1601 nisi
1087 1561 1412 1613 palaestram,
1445 1558 1856 1599 nisisaltaredi-

329 1629 553 1670 dicisset.

442 1697 620 1738 Videre
650 1702 841 1746 autem,
887 1697 998 1749 quid
1029 1697 1075 1737 in
1106 1710 1300 1750 quaque
1331 1709 1380 1737 re
1425 1698 1613 1744 deceat,
1659 1696 1771 1748 quod,
1794 1709 1858 1736 se-

329 1766 458 1805 cundo
505 1766 591 1806 loco
631 1779 900 1818 posueramus,
949 1766 1022 1806 etsi
1076 1771 1238 1806 naturae
1283 1766 1358 1805 hoc
1395 1765 1518 1817 magis
1551 1770 1610 1806 est
1638 1775 1757 1817 quam
1786 1764 1858 1804 do-

330 1834 491 1882 ctrinae,
537 1840 670 1874 tamen
715 1835 756 1873 in
802 1835 874 1874 hac
918 1847 973 1882 re,
1015 1835 1167 1887 opinor,
1200 1834 1266 1886 qui
1303 1839 1341 1873 et
1371 1833 1594 1885 tragoediae
1625 1837 1663 1872 et
1693 1832 1857 1872 actionis

331 1902 534 1942 scaenicae
579 1909 688 1942 recte
720 1902 890 1943 habetur
928 1907 1078 1948 auctor,
1124 1903 1208 1955 ipse
1239 1902 1339 1942 viam
1371 1901 1605 1941 monstravit
1632 1899 1859 1953 Aeschylus.

334 1971 409 2019 Qui
455 1971 614 2023 quidem
661 1971 998 2024 quemadmodum
1034 1962 1220 2010 omnibus
1250 1970 1368 2010 rebus
1399 1969 1711 2021 magnificentiae
1743 1967 1860 2009 deco-

335 2041 447 2092 rique
470 2041 694 2092 tragoediae
727 2038 976 2090 consuluit4),
1007 2039 1109 2079 idem
1141 2038 1385 2079 maiestatem
1415 2038 1521 2078 illam
1553 2050 1707 2078 summa
1737 2038 1860 2078 actio-

330 2108 391 2147 nis
435 2108 686 2161 simplicitate
732 2122 776 2149 ac
821 2108 1097 2148 moderatione
1144 2107 1291 2160 optime
1336 2106 1523 2147 sustineri
1567 2119 1682 2159 posse
1727 2111 1784 2154 et,
1827 2105 1857 2146 si

330 2177 485 2228 quando
517 2190 538 2217 a
569 2178 687 2218 modo
719 2177 987 2223 aberraremr,
1032 2176 1157 2228 magis
1187 2176 1372 2224 nimium,
1412 2187 1530 2227 quam
1558 2186 1699 2228 parum
1730 2175 1859 2215 offen-

331 2245 422 2284 dere
453 2246 675 2286 rectissime
697 2245 912 2298 perspexit.
968 2245 1089 2297 quue
1119 2257 1169 2285 ne
1200 2250 1349 2284 temere
1380 2244 1552 2284 divinare
1581 2244 1714 2296 potius
1746 2243 1857 2284 vide-

335 2325 449 2352 amur
481 2327 599 2366 quam
632 2319 741 2354 certo
787 2314 902 2359 scire,
949 2313 1070 2353 affero
1102 2312 1458 2353 luculentissimum
1489 2313 1592 2365 quod
1639 2317 1765 2352 exstat
1809 2312 1858 2351 de

424 2478 448 2518 ¹)
476 2479 567 2521 Quae
589 2478 679 2511 enim
699 2477 752 2510 Lu
763 2476 868 2508 cian.
890 2476 935 2506 de
953 2475 1095 2507 saltat.
1109 2486 1136 2507 c.
1153 2475 1206 2508 72.
1228 2471 1248 2506 ὃ
1267 2474 1310 2507 δέ
1321 2474 1396 2507 ἐστι
1413 2470 1573 2518 μάλιστα
1590 2473 1652 2507 ἐπὶ
1670 2472 1740 2507 τῶν
1755 2470 1860 2520 ὀρχη-

331 2535 428 2568 στῶν
445 2533 650 2576 ἐπαινέσαι,
671 2533 774 2567 τοῦτο
794 2529 863 2575 ἤδη
889 2532 974 2575 ἐρῶ·
989 2528 1033 2564 τὸ
1050 2529 1132 2575 γὰρ
1151 2526 1280 2574 ἰσχύν
1295 2541 1337 2564 τε
1355 2526 1448 2575 ἅμα
1464 2531 1537 2564 καὶ
1554 2525 1769 2577 ὑγρότητα
1786 2529 1858 2564 τῶν

329 2591 452 2635 μελῶν
475 2589 702 2633 ἐπιτηδεύειν
726 2588 861 2635 ὁμοίως
885 2584 1097 2634 παράδοξον
1121 2587 1216 2622 ἐῖναί
1236 2600 1303 2632 μοι
1329 2586 1438 2629 δοκεῖ,
1464 2584 1510 2624 ὠς
1526 2588 1560 2620 εἴ
1571 2598 1622 2623 τις
1638 2586 1677 2621 ἐν
1693 2588 1743 2630 τῷ
1758 2585 1858 2630 αὐτῷ

329 2649 388 2681 καὶ
410 2646 628 2695 Ηρακλέους
651 2645 692 2681 τὸ
710 2642 884 2693 καρτερὸν
900 2645 960 2678 καὶ
980 2641 1192 2690 Ἀφροδίτης
1214 2642 1254 2677 τὸ
1279 2641 1394 2689 ἁβρὸν
1410 2641 1569 2678 δεικνύοι
1589 2644 1666 2677 vult
1687 2644 1799 2677 inesse
1820 2644 1855 2677 in

332 2706 510 2748 saltatore,
538 2706 653 2738 eadem
679 2705 788 2738 actori
814 2703 1008 2737 necessaria
1033 2707 1125 2735 sunt¹

423 2764 450 2803 ²)
476 2763 556 2796 Cic.
574 2763 620 2795 de
639 2768 824 2795 oratore.
843 2761 894 2795 ΙΙΙ.
913 2771 941 2793 c.
956 2760 1011 2792 22.
1025 2759 1047 2802 ξ
1060 2760 1113 2793 74.
1127 2759 1475 2802 ——histr10,qu1d
1493 2759 1854 2803 deceat,quaer1t

422 2818 451 2861 ³)
477 2820 559 2852 Cic.
586 2820 631 2852 de
658 2825 841 2852 oratore.
869 2818 918 2851 lll.
945 2829 972 2850 e.
999 2817 1051 2850 22.
1078 2816 1176 2859 §83.

422 2875 451 2918 4)
476 2877 528 2910 De
556 2875 764 2920 Aeschyli
791 2887 833 2910 re
859 2875 1070 2909 scaenica.
1118 2873 1201 2907 Pars
1226 2872 1264 2906 ΙΙ.
1290 2885 1319 2917 p.
1350 2874 1414 2908 184
1437 2884 1506 2917 sqq.
