2014 3204
1696 0 1698 2 ’
1736 12 1740 17 -
1790 0 1927 34 afrem-„213
1938 0 2014 30 “xasa

886 239 935 244 --—
1003 217 1081 257 198
1140 238 1196 245 --

280 335 514 376 venientius.
565 334 694 374 Minus
726 339 859 374 autem
890 333 1141 385 perspicuum
1173 339 1243 381 est,
1275 333 1368 385 quid
1398 334 1555 374 intersit
1585 334 1688 375 inter
1718 345 1806 376 σω-

278 400 450 458 μάτιον,
483 399 843 456 προγαστρίδιον,
874 399 1229 455 προστερνίδιον,
1263 401 1336 440 nisi
1366 401 1399 440 si
1428 401 1505 441 hoc
1526 402 1805 450 existimamus,

279 473 400 512 fuisse
430 468 780 525 προγαστρίδιον
811 474 849 510 et
882 468 1222 524 προστερνίδιον
1252 482 1315 509 eas
1347 475 1477 522 partes
1508 470 1679 518 soniatii,
1708 484 1808 524 quae

278 546 456 580 ventrem
489 544 528 578 et
557 544 693 592 pectus
723 537 914 591 tegerent.

394 606 627 648 Obscuriora
644 613 749 655 sunt,
769 619 868 659 quae
886 607 933 646 de
951 619 1142 646 manuum
1161 606 1397 658 quibusdam
1415 608 1655 658 tegumentis
1679 610 1749 659 (χε
1761 624 1775 648 ι
1788 631 1807 638 -

280 674 446 730 ρῖδες)
476 676 699 717 traduntur.
732 676 835 716 Sunt
866 676 984 722 enim,
1017 675 1083 727 qui
1103 688 1183 721 eas,
1215 674 1377 727 quaein
1401 681 1544 715 ornatu
1567 675 1807 716 histrionum

278 745 507 784 referuntur
538 745 739 785 Lucian.
771 745 861 784 Iov,
894 744 1113 795 tragoed.
1146 757 1177 783 c.
1200 744 1266 782 41.
1291 742 1364 793 (Cf.
1399 743 1504 783 Vita
1535 743 1807 796 Aeschyli),

279 824 474 853 manuum
520 813 632 865 quasi
671 813 859 865 quasdam
891 812 1135 852 accessiones
1166 811 1290 851 fuisse
1326 811 1570 852 contendant
1589 810 1628 861 ¹),
1664 812 1807 865 quibus

279 881 436 923 brachia
467 880 645 933 longiora
667 881 939 933 crassioraque
970 881 1069 920 facta
1100 885 1235 920 auctae
1267 881 1443 933 corporis
1475 870 1735 932 magnitudini
1766 893 1810 921 ac

280 950 534 991 crassitudini
564 950 862 1003 responderent.
895 949 1040 989 Contra
1068 949 1238 989 manicas
1256 961 1321 990 eas
1337 949 1459 989 fuisse
1486 953 1622 1001 aperte
1643 954 1811 989 testatur

281 1019 403 1060 schol.
434 1018 638 1059 Lucian.
670 1019 764 1058 lov.
787 1023 906 1070 trag.
938 1031 971 1057 c.
1003 1018 1115 1069 41.2)
1146 1016 1344 1071 χειρῖδας
1366 1015 1490 1057 δὲτὰ
1510 1016 1664 1064 κοινῶς
1685 1011 1809 1068 λεγό-

279 1100 390 1140 μενα
428 1088 614 1140 μανὶκια
657 1087 878 1136 (manicae).
937 1087 1046 1125 Idem
1077 1086 1296 1138 significare
1327 1099 1391 1126 eas
1422 1086 1601 1129 videmus
1631 1085 1809 1126 Xeno-

280 1155 489 1208 phontis
534 1156 620 1196 loco
652 1155 921 1208 Cyropaed.
967 1155 1063 1195 VIII.
1103 1154 1140 1194 3.
1177 1154 1239 1194 13.
1272 1154 1429 1206 (Cyrus)
1462 1154 1559 1204 εἶχε
1590 1153 1664 1193 καὶ
1705 1149 1810 1194 διοί-

280 1223 399 1278 doma
439 1222 542 1277 περὶ
582 1222 634 1280 τῇ
673 1220 824 1276 τιάρᾳ·
878 1221 953 1262 καὶ
1000 1219 1043 1262 οἳ
1085 1227 1304 1275 συγγενεῖς
1345 1220 1394 1261 δὲ
1435 1216 1566 1262 αὐτοῦ
1605 1220 1653 1263 τὸ
1704 1218 1809 1262 αὐτὸ

280 1290 334 1345 δὴ
374 1291 502 1332 τοῦτο
545 1297 730 1346 σημεῖον
771 1291 887 1342 εἶχον
927 1290 999 1331 καὶ
1035 1290 1114 1332 νῦν
1153 1288 1202 1330 τὸ
1234 1285 1344 1330 αὐτὸ
1369 1290 1498 1331 τοῦτο
1527 1289 1698 1343 ἔχουσι·
1733 1289 1811 1338 τὰς

280 1359 329 1401 δὲ
369 1366 518 1415 χεῖρας
557 1359 640 1407 ἔξω
679 1359 766 1402 τῶν
804 1358 1010 1413 χειρίδων
1050 1359 1149 1411 εἶχε.
1210 1360 1260 1400 Et
1290 1360 1418 1413 potuit
1448 1372 1543 1401 sane
1574 1359 1701 1411 longis
1731 1360 1809 1400 lar-

280 1429 419 1481 gisque
463 1428 626 1468 manicis
667 1441 748 1467 non
796 1429 930 1468 minus
972 1441 1089 1481 quam
1130 1429 1371 1481 longioribus
1404 1429 1639 1481 quibusdam
1671 1428 1808 1480 digita-

284 1497 389 1537 libus
420 1497 537 1545 effici,
578 1502 621 1537 ut
651 1497 782 1549 augeri
813 1497 1009 1538 videretur
1030 1497 1281 1538 brachiorum
1303 1497 1520 1550 amplitudo
1543 1509 1669 1548 eoque
1691 1497 1809 1537 modo

282 1577 365 1606 non
385 1565 506 1605 nimis
528 1565 740 1606 abhorrere
758 1578 777 1605 a
795 1566 954 1618 reliquis
976 1566 1151 1618 corporis
1172 1565 1403 1606 rationibus.
1446 1565 1523 1605 Sed
1541 1565 1810 1605 difficultatem

280 1639 414 1674 tamen
451 1633 613 1686 praebet
644 1633 992 1686 Chr'ysostomi
1030 1635 1138 1674 locus
1169 1634 1305 1674 homil.
1337 1633 1417 1674 VIII
1447 1633 1487 1672 in
1518 1633 1731 1673 Timoth.
1764 1633 1811 1672 vl

280 1715 320 1754 p.
353 1702 447 1742 457.
479 1702 517 1743 d.
548 1700 625 1748 τὰς
657 1701 706 1742 δὲ
733 1700 932 1755 χειρῖδας
953 1703 1024 1752 (sic
1054 1703 1262 1754 legendum
1294 1715 1364 1754 pro
1394 1703 1558 1756 χεῖρας)
1598 1698 1810 1754 καθάπερ

283 1767 326 1810 οἳ
366 1769 586 1824 τραγῳδοὶ
629 1766 742 1810 οὕτω
782 1767 871 1822 μετ’
914 1767 1141 1823 ἀκριβείας
1176 1766 1499 1822 ἕνδιδύσκουσι,
1537 1767 1646 1810 ὥστε
1684 1768 1810 1823 νομί-

283 1836 371 1885 ζειν
411 1840 779 1893 προσπεφυκέναι
821 1838 989 1892 μᾶλλον
1029 1835 1182 1887 αὐταῖς
1216 1839 1477 1892 (virginibus).
1536 1840 1593 1880 Ex
1633 1852 1711 1891 quo
1748 1839 1812 1879 in·-

279 1908 488 1960 tellegitur‚
520 1919 601 1947 non
631 1914 712 1948 tam
742 1908 867 1960 largas
897 1908 1020 1948 fuisse
1050 1909 1133 1948 illas
1164 1908 1438 1960 tragoedorum
1481 1909 1653 1948 manicas
1693 1921 1811 1961 quam

280 1981 465 2028 angustas
497 1977 616 2025 adeo,
664 1982 706 2016 ut
734 1977 860 2029 ipsam
893 1976 1142 2016 brachiorum
1176 1988 1449 2028 manuumque
1478 1977 1646 2017 formam
1678 1976 1813 2029 expri-

281 2050 439 2084 merent
471 2045 654 2095 (trieots).
716 2045 793 2084 Sed
832 2050 921 2085 utut
951 2045 1026 2084 hoc
1056 2050 1129 2090 est,
1161 2057 1399 2096 quamquain
1430 2045 1609 2084 nondum
1639 2045 1733 2084 satis
1765 2045 1813 2084 de

281 2125 416 2153 earum
436 2118 575 2153 natura
592 2119 631 2152 et
645 2113 772 2153 forma
791 2119 953 2160 constat,
971 2114 1008 2152 id
1033 2118 1166 2153 tamen
1189 2113 1420 2160 tenendum,
1438 2119 1474 2152 et
1491 2113 1596 2164 ipsas
1616 2111 1814 2166 χειρῖδας

278 2181 362 2222 illas
391 2182 434 2220 in
465 2182 513 2222 iis
552 2181 670 2222 rebus
702 2182 835 2230 fuisse,
874 2194 974 2235 quae
1004 2181 1051 2221 ad
1079 2181 1299 2231 augendam
1330 2180 1551 2232 tragoediae
1582 2181 1812 2233 gravitatem

281 2255 319 2290 et
349 2250 578 2301 dignitatem
610 2250 892 2290 adhiberentur
914 2248 998 2298 (οἷς
1018 2274 1073 2280 --
1097 2244 1360 2304 σεμνύνουσι
1396 2248 1474 2302 τὴν
1501 2247 1785 2304 τραγῳδίαν).

393 2317 622 2358 Vidimus
666 2319 842 2369 igitur,
891 2320 1239 2371 magnitudini
1286 2324 1333 2357 et
1364 2317 1704 2370 amplitudini
1733 2317 1811 2358 hi-

279 2387 526 2427 strionum
570 2387 875 2439 Aeschylum
926 2389 1257 2427 consuluisse
1302 2386 1481 2427 altiori
1528 2387 1810 2426 calceorum

279 2466 484 2506 genere,
517 2455 599 2506 qui
628 2459 868 2494 vocantur
898 2454 1167 2508 ἐμβάται,
1216 2456 1430 2495 somatio
1461 2455 1666 2508 eiusque
1695 2467 1813 2507 par-

278 2524 419 2564 tibus
449 2522 801 2576 progastridio
833 2529 879 2563 et
907 2525 1289 2576 prosternidio‚
1334 2523 1553 2575 denique
1597 2523 1811 2574 longiori

279 2592 489 2644 quodam
519 2591 824 2632 manicarum
855 2604 1047 2643 genere.

377 2754 402 2793 ¹)
431 2753 479 2785 Cf.
506 2754 724 2795 Biittiger,
749 2753 863 2786 kleine
888 2754 1058 2787 Schriften
1085 2754 1110 2786 l.
1136 2766 1165 2797 p.
1193 2754 1269 2788 201.

375 2809 402 2850 ²)
428 2809 485 2843 Fr.
512 2810 746 2851 Wieseler,
774 2812 834 2844 das
860 2811 1051 2854 Satyrspiel
1077 2823 1106 2853 p.
1137 2812 1196 2843 187
1213 2812 1244 2844 ss'.
