2014 3204
665 964 739 1013 DE
777 963 1049 1015 AESOHYLI
1084 963 1155 1042 RE
1192 962 1465 1014 SOAENIGA.

419 1180 522 1220 Haec
552 1179 766 1233 praefanda
796 1179 969 1226 fuerunt,
1016 1185 1061 1219 ut
1091 1184 1260 1231 quantae
1307 1186 1445 1220 essent
1474 1180 1652 1233 Aeschyli
1695 1180 1735 1221 in
1778 1194 1821 1222 re

306 1250 481 1289 scaenica
513 1249 688 1301 augenda
719 1249 854 1288 laudes
884 1249 1102 1289 accuratius
1123 1248 1303 1299 cognosci
1335 1255 1481 1301 posset.
1542 1250 1646 1297 Quas
1691 1249 1822 1302 prius-

303 1331 419 1370 quam
451 1319 622 1370 singulas
654 1331 948 1371 persequamur,
983 1330 1062 1358 non
1092 1317 1269 1370 ineptum
1317 1324 1377 1358 est
1423 1330 1633 1371 exponere,
1678 1318 1821 1371 quibus

300 1387 478 1427 terminis
510 1401 609 1435 eam,
642 1401 739 1441 quae
773 1387 887 1429 nohis
918 1386 1116 1440 proposita
1149 1391 1220 1434 est,
1268 1387 1580 1439 disquisitionem
1626 1387 1699 1439 ipsi
1745 1387 1822 1427 cir-

310 1457 693 1509 cumscripserimus,
725 1470 775 1497 ne
797 1461 863 1496 aut
892 1455 955 1495 alii
977 1455 1071 1507 plus
1097 1462 1333 1509 exspectent,
1365 1448 1479 1509 quam
1501 1457 1576 1509 ipsi
1607 1457 1698 1496 dare
1729 1467 1825 1496 con-

308 1524 573 1574 stituerimus,
613 1530 679 1565 aut
708 1525 823 1565 nimis
868 1524 950 1575 vagi
997 1536 1125 1564 errare
1170 1525 1372 1565 videamur
1410 1525 1501 1564 aliis.
1563 1524 1690 1577 Atque
1735 1534 1824 1564 cum

304 1593 341 1632 id
375 1594 624 1646 potissimum
655 1607 827 1646 agamus,
860 1599 905 1633 ut
935 1598 1127 1645 appareat,
1166 1594 1363 1646 quomodo
1394 1594 1573 1646 Aeschyli
1603 1593 1752 1634 fabulae
1783 1593 1824 1632 in

302 1675 483 1702 scaenam
515 1662 596 1702 sint
624 1663 849 1715 productae,
881 1661 1025 1713 quibus
1056 1663 1259 1714 praesidiis
1289 1662 1516 1716 artibusque
1546 1663 1595 1702 sit
1632 1675 1739 1711 usus,
1780 1667 1825 1701 ut

304 1733 402 1772 tales
434 1745 501 1772 eae
523 1731 855 1783 conspicerentur,
888 1731 1022 1782 quales
1054 1744 1118 1771 eas
1139 1731 1327 1771 voluisset
1357 1737 1471 1784 poeta
1498 1724 1680 1784 spectari,
1711 1730 1826 1771 deni-

303 1794 391 1853 que⁴
411 1797 462 1840 ‘ne
492 1800 610 1840 nimis
643 1812 775 1840 earum
807 1799 1034 1839 abhorreret
1065 1799 1105 1839 in
1137 1813 1277 1840 scaena
1321 1800 1471 1852 species
1516 1801 1563 1841 ab
1609 1813 1664 1848 ea,
1709 1812 1825 1852 quam

305 1871 437 1910 animo
466 1870 543 1914 sibi
571 1870 762 1917 finxisset,
807 1869 988 1920 imagine,
1036 1873 1178 1921 sponte
1211 1868 1382 1909 efficitur
1428 1868 1697 1922 explicandum
1743 1879 1829 1907 esse

306 1953 396 1979 cum
428 1940 637 1987 deloco,
669 1938 758 1979 ubi
788 1938 978 1978 fuerint
1008 1943 1166 1985 actae,
1197 1937 1235 1978 id
1282 1943 1340 1978 est
1370 1938 1430 1978 (16
1462 1950 1651 1978 scaena
1698 1941 1736 1976 et
1758 1932 1826 1976 'de

300 2009 578 2056 orchestra,
609 2014 694 2048 tum
727 2008 784 2047 de
814 2007 894 2054 iis,
940 2019 1033 2058 per
1062 2018 1190 2058 quos
1235 2007 1344 2047 sint
1389 2012 1549 2055 actae,
1593 2006 1631 2045 id
1677 2010 1735 2045 est
1781 2006 1827 2044 de

299 2078 649 2118 histrionibus
681 2082 718 2116 et
749 2076 797 2115 (16
827 2075 1097 2115 choreutis.
1138 2075 1293 2116 Contra
1325 2076 1587 2116 omittendam
1619 2087 1704 2114 esse
1735 2086 1828 2114 cen-

301 2147 359 2186 sui
393 2159 553 2186 omnem
586 2144 857 2198 quaestionem
889 2157 988 2196 quae
1033 2148 1092 2183 cst
1140 2144 1186 2183 de
1230 2145 1403 2184 aedificio
1447 2145 1589 2210 theatri
1634 2144 1734 2196 ipso,
1780 2143 1828 2183 de

304 2220 579 2271 spectatorum
602 2213 805 2259 sedilibus,
864 2213 910 2252 dc
959 2212 1099 2252 ceteris
1141 2213 1272 2262 rebus,
1307 2227 1406 2266 quae
1448 2227 1528 2254 non
1573 2214 1618 2254 ad
1648 2225 1827 2253 scaenam

302 2285 424 2336 ipsam
457 2283 722 2336 pertinerent:
755 2295 836 2322 non
876 2294 953 2334 quo
990 2295 1033 2322 63
1063 2282 1295 2334 investigare
1323 2282 1425 2322 haud
1464 2287 1644 2334 putarem
1689 2293 1828 2334 operae

301 2354 487 2406 pretium,
519 2353 587 2392 sed
619 2351 723 2404 quod
767 2364 809 2391 ea
854 2350 901 2390 ab
954 2351 1134 2391 instituto
1179 2349 1315 2391 nostro
1359 2337 1558 2403 paululum
1603 2350 1830 2390 viderentur

304 2435 391 2462 esse
421 2421 644 2462 remotiora.
697 2420 796 2460 Nam
828 2419 918 2458 licet
950 2419 1049 2459 illud
1073 2420 1230 2472 quidem
1262 2431 1343 2459 non
1358 2420 1440 2460 sine
1470 2419 1596 2472 aliquo
1627 2423 1828 2459 momento

302 2491 353 2530 sit
397 2490 443 2529 ad
492 2489 708 2528 Atticorum
740 2488 1013 2540 antiquitatem
1059 2488 1276 2528 scaenicam
1321 2489 1467 2529 rectius
1512 2487 1827 2539 intellegendam

303 2546 407 2611 quod
448 2558 646 2597 theatrum
677 2557 916 2596 Atheniense
959 2556 1105 2596 scimus
1149 2557 1231 2597 fere
1276 2557 1410 2609 viginti
1454 2557 1659 2608 trigintave
1704 2556 1822 2596 millia

302 2626 609 2680 spectatorum1)
633 2639 719 2666 esse
741 2626 1001 2678 complexum,
1024 2628 1090 2678 qui
1112 2626 1268 2666 tandem
1300 2626 1440 2665 melius
1450 2625 1675 2665 «diiudicare
1707 2625 1820 2674 nohis

283 2696 532 2744 ‘videbimun
565 2695 690 2749 qualia
722 2695 868 2736 fuerint
903 2695 1136 2747 spectacula,
1175 2695 1214 2738 ‚si
1258 2693 1554 2746 exposuerimus
1587 2694 1634 2733 de
1666 2698 1822 2746 specta-

395 2853 421 2894 1)
447 2852 495 2885 Cf.
528 2852 610 2885 Pla
626 2858 671 2885 to
708 2854 730 2886 S
747 2864 765 2897 y
780 2864 809 2886 m
826 2864 845 2896 p
860 2864 878 2884 o
893 2863 935 2894 s„
959 2863 987 2894 p.
1030 2853 1104 2886 175.
1142 2827 1178 2884 e..
1204 2850 1227 2882 B
1242 2860 1259 2882 e
1274 2851 1512 2894 rahni-dy,
1549 2839 1746 2883 Grundriss*
1767 2850 1828 2882 der

304 2907 535 2948 griechischen
560 2907 738 2958 Literatur
761 2909 798 2941 ll.
825 2909 901 2943 655.
