2014 3204
0 640 21 966 w=x³cwrw÷1waew=2wz
0 579 19 632 *rw-5:

26 762 27 765 -
26 711 33 715 .

0 1212 15 1258 'rw
0 1174 5 1182 ‘¹
0 1132 10 1161 ψ
0 970 24 1123 ‘servre-f,-

0 396 19 431 ι
39 402 56 413 .-

0 432 18 564 {-

757 264 1067 305 ——185-

75 386 79 390 ·
143 387 405 430 pensonarum
437 377 614 430 gravitati
652 378 820 433 maxime
854 379 1030 421 idoneas.
1097 381 1212 430 Quod
1253 395 1344 423 cum
1373 385 1595 426 rectissime
1626 387 1677 427 sit

147 445 424 495 observatum,
449 446 704 488 vehementer
722 447 862 500 placet,
893 461 1012 501 quam
1031 448 1275 490 Fritzschius
1295 453 1517 504 proposuit,
1538 467 1677 495 emen-

145 513 264 563 datio,
292 527 366 567 pro
395 506 449 569 ’ἠν
481 511 750 569 ζηλώσαντες
778 516 913 568 legens
947 514 1140 571 ζηλώσας
1170 514 1223 571 ἢν
1253 520 1297 559 οἱ
1320 517 1581 575 ἱεροφάνται
1604 523 1678 564 καὶ

145 579 359 635 δᾳδοῦχοι
391 577 729 638 ἀμφιέννυνται.
790 584 894 643 Sunt
923 591 1056 626 autem
1089 582 1348 641 ἱεροφάντης
1389 595 1427 629 et
1462 588 1679 643 δᾳδοῦχος

146 650 226 691 duo
256 664 305 692 ex
333 651 577 704 principibus
607 653 898 694 Eleusiniorum
931 666 1134 694 sacrorum
1165 655 1375 696 ministris.
1407 658 1676 706 Quamobrem

145 718 252 760 haud
278 719 537 773 improbabile
568 727 648 771 est,
688 722 792 774 quod
826 722 1046 763 Lobeckius
1086 723 1336 775 significavit,
1366 726 1566 777 pertinere
1596 729 1676 769 huc

145 787 476 828 narratiunculam
505 788 624 837 illam,
654 795 699 830 ut
720 791 836 840 solet,
864 791 1036 831 nimium
1058 797 1252 845 quantum
1282 793 1572 845 amplificatam,
1602 809 1679 849 qua

144 856 336 909 Aeschylo
367 857 523 898 crimini
552 858 687 899 datum
717 859 840 900 fuisse
871 860 1051 907 traditur,
1084 862 1190 913 quod
1221 874 1269 901 ex
1297 862 1508 902 Eleusiniis
1535 876 1678 904 arcana

145 925 337 983 quaedam
384 919 651 980 (ἀπόρρητα)
695 927 943 979 divulgasset.
1019 928 1138 970 Cuius
1181 930 1239 970 rei
1283 930 1491 982 vestigium
1534 931 1680 973 indicat

144 994 350 1036 Aristot.
381 993 485 1034 Eth.
516 994 551 1034 N
559 995 803 1038 icomach.
833 997 899 1038 111.
932 997 971 1037 2.
994 997 1210 1047 illustrans,
1242 999 1337 1051 quid
1357 998 1409 1039 sit
1429 1012 1500 1052 per
1519 1000 1675 1054 impru-

145 1062 318 1104 dentiam
354 1075 536 1115 peccare:
575 1059 775 1106 Ἄπαντα
805 1066 886 1119 μὲν
916 1062 994 1107 οὖν
1023 1066 1160 1108 ταῦτα
1191 1067 1304 1120 (quid
1334 1067 1423 1120 quis
1451 1068 1603 1119 fecerit,
1636 1075 1675 1110 et

145 1144 225 1186 quo
255 1131 418 1172 consilio
450 1136 488 1171 et
517 1144 595 1184 qua
624 1134 794 1186 ratione)
827 1129 972 1183 οὐδεὶς
993 1133 1048 1176 ἄν
1075 1129 1330 1191 α’γνοήσειε·
1362 1134 1498 1190 δῆλον
1519 1136 1586 1187 δὲ,
1619 1135 1679 1186 ὠς

147 1196 250 1242 οῦδὲ
278 1199 354 1242 τὸν
383 1198 651 1254 πράττοντα·
682 1202 778 1251 πῶς
815 1201 898 1258 γὰρ
936 1199 1096 1247 ἑαυτόν
1125 1219 1194 1255 ys,-
1235 1200 1260 1244 ὃ
1291 1201 1340 1244 δὲ
1369 1203 1581 1259 πράττει,
1625 1204 1679 1247 ἄ-

146 1266 374 1324 γνοήσειεν
390 1266 444 1311 ἄν
458 1284 544 1319 τις,
577 1268 695 1311 οἷον
713 1266 969 1322 λέγοντές
989 1284 1164 1327 φασιν
1184 1271 1448 1314 ἐκπεσεῖν
1469 1271 1677 1323 αὐτοῖς,

147 1335 176 1392 ἢ
206 1335 301 1380 ov'x
331 1338 565 1388 εἰδέναι,
606 1335 687 1380 ὅτι
728 1336 1018 1395 ἀπόρρητα
1047 1338 1135 1396 ἦν,
1179 1337 1358 1394 ὥσπερ
1394 1341 1678 1396 Αἰσχύλος

147 1409 209 1450 τὰ
237 1407 488 1463 μυστικά.
552 1409 666 1459 Quod
696 1409 906 1460 vestigium
937 1410 1055 1450 nimis
1096 1410 1236 1463 cupide
1272 1412 1398 1452 secuti
1428 1418 1523 1452 sunt
1550 1413 1677 1453 inter-

147 1483 296 1532 pretes.
341 1479 439 1520 Nam
469 1478 502 1519 si
531 1479 606 1519 hoc
635 1478 684 1518 ad
713 1478 869 1518 decreta
891 1480 1086 1532 quaedam
1107 1485 1145 1519 et
1164 1480 1306 1533 placita
1325 1480 1679 1533 hierophantarum

149 1548 199 1588 de
228 1553 369 1589 natura
397 1547 563 1589 deorum
594 1553 699 1588 esset
728 1547 1007 1595 referendum,
1044 1553 1089 1589 ut
1118 1548 1305 1601 permulti
1334 1553 1374 1589 et
1403 1562 1451 1589 ex
1479 1549 1677 1590 veteribus

149 1621 189 1657 et
217 1630 265 1657 ex
302 1617 448 1658 nostris
485 1616 747 1670 scriptoribus
778 1616 1001 1669 explorasse
1030 1617 1106 1657 sibi
1135 1617 1207 1657 visi
1236 1622 1354 1664 sunt,
1399 1617 1463 1658 vix
1493 1618 1678 1659 credibile

149 1690 228 1733 ost,
263 1686 497 1739 Aeschylum
537 1691 605 1726 aut
642 1685 813 1726 voluisse
849 1692 917 1725 aut
951 1686 1132 1739 potuisse
1167 1699 1210 1726 se
1250 1698 1437 1726 excusare
1467 1687 1675 1736 dicentem,

147 1750 377 1809 ἀπόρρητα
406 1767 451 1795 ea
481 1767 580 1801 esse,
610 1766 711 1807 quae
743 1743 935 1802 traderet,
967 1767 1012 1794 se
1040 1741 1206 1803 nescire,
1243 1760 1328 1795 toto
1361 1752 1515 1793 theatro
1547 1754 1677 1794 excla-

150 1829 283 1864 mante
314 1823 488 1875 adeoque
509 1823 718 1869 saeviente,
749 1828 792 1863 ut
812 1823 874 1863 vix
894 1829 1065 1863 mortem
1087 1822 1261 1874 effugere
1273 1820 1305 1871 1)
1327 1827 1474 1873 posset.
1520 1821 1678 1862 Etenim

149 1903 252 1945 quae
278 1892 393 1944 vulgo
425 1897 542 1931 notae
573 1896 685 1932 erant
714 1892 930 1939 doctrinae,
959 1891 1160 1945 quomodo
1191 1902 1256 1931 eas
1286 1890 1476 1942 Aeschylo
1505 1891 1677 1931 occultas

147 1961 271 2002 fuisse
301 1966 612 2001 consentaneum
642 1958 732 2000 est?
790 1961 1041 2001 Atenimvero
1072 1961 1106 2000 si
1151 1964 1308 2012 praeter
1351 1958 1678 2000 caerimoniarum

148 2029 397 2082 quarundam
425 2041 614 2082 pompam
645 2029 974 2070 vestimentorum
1004 2028 1257 2081 potissimum
1296 2026 1598 2068 similitudinem
1629 2028 1676 2068 ab

146 2097 358 2139 Eleusiniis
388 2098 551 2151 petitam
581 2098 622 2138 in
653 2110 767 2139 causa
797 2098 920 2138 fuisse
951 2097 1176 2144 statuimus,
1209 2108 1280 2136 cur
1309 2095 1351 2135 in
1380 2095 1513 2148 ipsum
1543 2097 1678 2137 multi-

146 2166 296 2208 tudinis
334 2167 392 2207 ira
430 2164 723 2213 exardesceret}
756 2179 884 2219 neque
914 2167 1100 2207 abhorret
1140 2164 1237 2204 illud
1267 2177 1289 2204 a
1319 2164 1423 2215 vulgi
1454 2171 1608 2214 natura,
1639 2171 1679 2206 et

146 2235 360 2287 Aeschylus
388 2241 494 2275 recte
526 2243 663 2275 eontra
695 2235 823 2276 dicere
852 2241 1021 2288 poterat,
1051 2235 1257 2286 ignorasse
1286 2246 1342 2281 se,
1370 2232 1463 2274 talia
1492 2247 1541 2274 ex
1559 2234 1679 2275 Eleu-

147 2303 339 2344 siniorum
371 2303 480 2344 cultu
508 2304 552 2343 in
581 2315 764 2344 scaenam
794 2303 997 2344 transferri
1027 2306 1138 2344 nefas
1176 2315 1274 2343 esse.
1336 2302 1586 2356 Quamquam
1616 2303 1680 2343 vix

148 2372 312 2413 dubium
353 2378 434 2420 est,
476 2372 573 2425 quin
610 2377 693 2412 tota
722 2372 820 2413 haec
847 2385 913 2413 res
943 2386 966 2413 a
995 2372 1193 2413 veteribus
1224 2371 1483 2423 scriptoribus
1514 2371 1679 2413 mirifice

146 2440 198 2480 sit
226 2446 339 2480 aucta
370 2446 487 2493 atque
516 2441 739 2493 depravata.

236 2531 266 2575 1)
291 2532 341 2567 Cf.
366 2532 625 2565 Eustratius
641 2533 684 2564 ad
708 2532 894 2566 Aristot.
911 2533 934 2566 1.
962 2533 986 2566 1.
1011 2543 1043 2576 p.
1068 2533 1122 2566 40.
1147 2532 1186 2565 A.
1235 2532 1351 2564 Δοκεῖ
1364 2526 1549 2575 Αἰσχύλος
1563 2531 1679 2575 λέγειν

147 2586 303 2635 μυστικά
339 2601 418 2624 τινα
442 2589 483 2624 ἔν
516 2599 552 2622 τε
575 2592 654 2627 ταῖς
687 2589 854 2627 Τοξοτίσι
889 2590 949 2623 καὶ
978 2587 1138 2637 Ἶερειάις
1166 2590 1227 2623 καὶ
1261 2588 1301 2623 ἐν
1328 2587 1521 2633 Ἰφιγενείᾳ
1550 2588 1612 2621 καὶ
1640 2587 1680 2622 ἐν

151 2644 341 2681 Οἰδιπόὸι·
375 2646 415 2681 ἐν
445 2644 517 2693 γὰρ
548 2640 684 2685 τούτοις
718 2647 812 2680 πᾶσι
848 2647 934 2691 περὶ
957 2645 1149 2694 Δήμητρος
1174 2648 1289 2691 λέγων
1311 2646 1383 2679 τῶν
1405 2647 1680 2693 μυστικωτέρων

149 2697 432 2749 περιεργότερον
455 2700 635 2739 ἅπτεσθαι
663 2704 771 2738 δοκεῖ.
818 2705 932 2749 Λέγει
963 2703 1003 2738 δὲ
1028 2705 1111 2750 περὶ
1144 2702 1337 2748 Αἰσχύλου
1366 2704 1426 2736 καὶ
1447 2701 1682 2750 <Ηρακλείδης

149 2758 199 2796 ὥς
221 2757 490 2799 κινδυνεύοντος
513 2762 577 2796 ἐπὶ
600 2762 735 2805 σκηνῆς
759 2757 999 2804 ἀναιρεθῆναι
1025 2761 1085 2795 ἐπὶ
1109 2762 1160 2805 τῷ
1182 2761 1256 2795 τῶν
1271 2760 1461 2804 μυστικῶν
1477 2760 1682 2806 προφέρειν

147 2814 229 2852 τινὰ
254 2815 383 2859 δοκεῖν,
409 2820 440 2852 εἰ
461 2817 514 2863 μὴ
538 2816 843 2864 προαισθόμενος
867 2817 931 2852 ἐπὶ
955 2817 1022 2853 τὸν
1044 2818 1107 2852 τοῦ
1131 2814 1315 2851 Διονύσου
1344 2818 1518 2862 κατέφυγε
1542 2815 1679 2862 βωμὸν,

149 2874 213 2907 καὶ
232 2871 504 2919 Ἀρεωπαγιτῶν
527 2872 640 2910 αὐτὸν
661 2878 1003 2923 παραιτησαμένων,
1031 2873 1080 2912 ὠς
1105 2873 1304 2920 ὀφείλοντα
1328 2875 1501 2921 κριθῆναι
1524 2875 1681 2922 πρῶτον,

152 2927 267 2965 ἐδόκει
292 2929 508 2976 ὑπαχθῆναι
532 2934 583 2970 εἰς
606 2931 856 2980 δικαστήριον.
903 2933 1091 2975 Lobeck,
1116 2932 1336 2976 Aglaopham.
1362 2942 1393 2975 p.
1420 2933 1473 2965 77.
