2014 3204
739 235 837 259 7-
894 210 973 251 221
1033 234 1088 240 -—-

178 317 350 374 tationis*
354 319 548 378 mimicae,
579 343 679 383 quae
701 330 947 371 Cretensium
969 329 1219 381 potissimum
1242 328 1396 380 propria
1426 328 1566 375 fuerat,
1598 341 1690 380 spe-

178 399 276 450 ciem
307 400 503 440 referebat
515 400 565 453 ¹).

289 468 426 509 Fuisse
454 474 588 510 autem
616 481 660 509 re
688 481 778 509 vera
806 468 933 509 multo
955 466 1076 519 magis
1106 466 1246 518 agitata
1275 465 1336 506 illa
1369 466 1555 514 carmina,
1586 466 1693 506 mul—

177 543 298 590 toque
341 538 627 590 expressiorem
671 538 863 591 flagitasse
907 536 1153 583 saltationem
1199 547 1314 587 quam
1359 535 1509 587 reliqua
1547 535 1693 583 omnia,

177 619 313 660 pauca,
357 620 458 661 quae
499 608 704 655 habemus,
750 605 926 658 exempla
958 603 1215 657 comprobant
1245 604 1352 643 velut
1381 604 1559 656 Sophocl.
1590 604 1692 656 Ajao.

178 689 214 716 v.
243 675 340 718 692.
491 722 495 736 ξ

218 739 401 800 ’Ἐφριξ’
433 738 573 799 ἔρὼτι,
604 742 842 799 περιχαρὴς
871 737 914 784 δ’
945 739 1200 796 ἀνεπτόμαν
1228 754 1312 796 sqq.

182 814 294 855 cuius
323 814 462 854 cantici
492 813 643 854 saltatio
673 814 755 867 ipsa
787 813 946 854 Cnossia
975 812 1016 852 id
1048 804 1107 851 est
1137 811 1332 852 Cretensis
1362 810 1609 850 nominatur:

228 877 418 937 φάνηθ’,
451 878 484 922 ὦ
512 882 634 923 θεῶν
662 878 867 936 χοροποί’
899 878 1009 927 ἄναξ

233 947 355 999 ὅπως
383 965 461 1004 μοι
490 948 636 992 Νύσια
664 945 849 992 Κνώσσιῗ
880 944 1090 1005 ὄρχήματ’
1121 946 1315 1003 αὖτοδαῆ
1345 944 1484 995 ξυνών
1516 947 1664 1003 ἷάψῃς.

177 1025 218 1061 et
243 1020 382 1062 Trach.
413 1020 480 1060 ubi
508 1021 555 1061 ad
587 1033 621 1061 V.
653 1020 748 1060 216.
797 1015 1028 1074 (ἆείρομ’
1062 1015 1173 1059 οὐδ’
1204 1014 1541 1071 ἇπώσομαι·)
1587 1018 1694 1070 quod

177 1088 390 1130 Scholiasta
432 1089 595 1129 adnotat
631 1086 948 1143 μετεωρίζομαι
993 1086 1040 1129 ἐν
1078 1086 1136 1142 τῷ
1165 1084 1360 1141 χορεύειν
1389 1087 1453 1134 εἷς
1481 1085 1557 1127 τὸν
1587 1083 1695 1140 ἀέρα

119 1147 126 1154 ’
178 1156 254 1198 καὶ
281 1155 372 1199 ἄνω
402 1158 607 1210 αἴρομαι·
651 1156 710 1197 τὸ
754 1157 849 1210 γὰρ
879 1155 1203 1211 μελιδάριον
1233 1153 1321 1196 οὔκ
1350 1154 1466 1196 ἐστι
1497 1152 1694 1196 στάσι-

178 1239 277 1280 μον
305 1222 403 1267 ἀλλ’
432 1222 520 1268 ὑπὸ
552 1223 709 1281 ἡδονῆς
738 1220 970 1279 ὀρχοῦνται
990 1257 1000 1273 ,
1036 1230 1153 1277 negat
1180 1226 1220 1265 id
1249 1237 1410 1266 carmen
1437 1225 1563 1265 sedati
1592 1225 1694 1264 illius

181 1307 267 1336 esse
295 1295 461 1346 generis,
492 1296 594 1348 quod
625 1295 824 1348 proprium
857 1300 917 1335 est
946 1294 1209 1335 stasimorum.

291 1364 342 1404 Et
375 1370 538 1416 propter
571 1364 674 1405 hano
710 1364 834 1417 ipsam
865 1364 1062 1404 mimicam
1099 1364 1178 1403 vim
1216 1364 1438 1417 celeresque
1477 1363 1545 1417 qui
1574 1364 1615 1403 in
1645 1364 1694 1404 iis

180 1431 420 1472 carminibus
450 1432 588 1472 insunt
618 1445 807 1473 numeros
836 1433 1003 1473 maxime
1033 1433 1328 1473 accommodata
1349 1434 1533 1474 dicuntur
1553 1430 1693 1485 ὑπορ-

177 1493 353 1554 χήματα
380 1499 522 1550 fabulis
550 1506 591 1541 et
620 1502 794 1554 satyricis
824 1506 862 1542 et
888 1502 1058 1542 comicis.
1109 1501 1338 1550 Cramer,
1369 1502 1546 1542 Anecd.
1570 1502 1692 1542 Paris.

179 1567 208 1608 l.
237 1568 312 1615 20,
341 1564 577 1624 ὑπόρχημα
606 1565 650 1610 δ’
681 1567 736 1610 ἄν
766 1570 833 1624 εἴη
864 1568 1033 1624 μᾶλλον
1063 1570 1148 1610 τῶν
1177 1565 1390 1625 σατύρων.
1421 1568 1581 1611 ἐκεῖνοι
1611 1570 1694 1624 γὰρ

178 1633 355 1688 ᾄδοντες
383 1633 475 1692 ἅμα
516 1635 762 1692 ὀρχοῦνται.
821 1640 995 1679 Athen.
1026 1639 1123 1678 XIV.
1156 1639 1251 1679 630.
1284 1652 1317 1679 e.
1348 1633 1376 1693 ἤ
1419 1637 1460 1679 δ’
1496 1634 1694 1693 ὕπορχη-
1733 1644 1743 1658 ⁸

178 1705 337 1760 ματικὴ
368 1704 588 1762 (ὄρχησις)
629 1708 682 1765 τῇ
718 1708 885 1765 κωμικῇ
922 1707 1184 1756 οἰκειοῦται,
1221 1703 1315 1762 ἥτις
1354 1706 1553 1748 καλεῖται
1592 1706 1694 1762 κόρ-

179 1772 275 1821 δαξ·
307 1772 598 1825 παιγνιώδεις
628 1775 675 1816 δ’
707 1776 823 1818 εἰσὶν
853 1766 1117 1831 ἀμφότεραι,

290 1844 452 1905 Videtur
471 1851 602 1886 autem
624 1847 752 1886 omnis
774 1858 872 1898 quae
894 1846 942 1886 de
963 1846 1278 1898 hyporchematis
1299 1845 1462 1886 excitata
1493 1852 1553 1886 est
1582 1846 1694 1886 turba

178 1913 270 1953 inde
300 1925 387 1953 esse
416 1914 598 1966 profecta,
635 1915 739 1967 quod
768 1915 1022 1966 neglexerunt
1058 1914 1250 1967 duplici
1286 1926 1435 1954 sensu
1475 1914 1694 1967 hyporche-

180 1980 296 2021 matis
335 1993 470 2022 vocem
506 1984 630 2024 fuisse
666 1990 904 2036 usurpatam.
976 1983 1074 2024 Nam
1116 1996 1204 2024 cum
1247 1983 1361 2023 latius
1400 1987 1541 2035 patens
1578 1996 1695 2024 omne

272 2133 296 2176 ι)
320 2133 479 2167 Eiusdem
503 2135 638 2176 generis
667 2133 854 2179 μονῳδίας
887 2145 961 2168 esse
986 2129 1166 2181 Κρητικάς
1195 2135 1280 2178 apud
1305 2135 1518 2178 Aristoph.
1542 2135 1635 2168 Rau.
1663 2146 1695 2168 v.

180 2191 269 2234 849„
293 2191 350 2223 ubi
367 2191 558 2235 Aeschylus
575 2191 770 2235 Euripidem
795 2193 942 2237 appellat
965 2188 993 2226 ὦ
1017 2189 1196 2240 Κρητικὰς
1218 2192 1287 2238 μὲν
1310 2193 1485 2237 συλλέγων
1499 2191 1697 2236 μονῳδίας,

180 2248 308 2292 primus
340 2249 531 2282 rectissime
561 2260 624 2293 quo
655 2254 708 2282 est
737 2250 863 2292 ingenii
894 2250 1045 2284 acumine
1076 2250 1166 2283 vidit
1190 2249 1225 2284 F.
1251 2250 1291 2283 V.
1318 2249 1554 2283 Fritzsehe.
1603 2249 1696 2292 Quod
1745 2283 1748 2286 ,

135 2308 141 2313 “
180 2311 292 2339 autem
323 2306 410 2339 dicit
441 2306 544 2340 idem:
577 2307 768 2349 „Constans
790 2327 833 2332 -
857 2307 1095 2351 Aristophanis
1125 2312 1277 2351 tempore
1303 2312 1353 2351 et,
1385 2308 1507 2351 absque
1531 2308 1697 2352 Euripide

180 2362 319 2406 suisset,
354 2363 453 2407 plane
478 2364 643 2398 inviolata
668 2366 820 2407 tragicae
845 2365 1040 2398 saltationis
1064 2366 1121 2399 lex
1145 2366 1227 2398 haec
1252 2364 1332 2405 fuit,
1369 2370 1408 2398 ut
1431 2365 1493 2398 alii
1517 2366 1697 2408 saltarent,

181 2422 240 2454 alii
263 2431 348 2455 voce
370 2427 530 2454 canerent
554 2421 610 2464 (cf.
635 2422 805 2456 Lucian.
831 2423 872 2456 de
896 2424 1009 2456 saltat.
1035 2435 1063 2456 c.
1090 2423 1145 2464 30)
1171 2422 1266 2455 velut
1289 2423 1323 2454 in
1348 2422 1476 2463 choris,
1517 2423 1552 2456 iu
1577 2424 1695 2466 quibus

181 2480 350 2523 stropham
382 2484 417 2513 et
445 2480 691 2523 antistropham
722 2490 822 2513 unum
855 2480 1097 2514 bemichorinm
1127 2490 1247 2513 canere
1277 2480 1367 2513 solet
1390 2480 1499 2512 altero
1525 2481 1697 2514 saltante“

181 2535 244 2568 hoc
267 2547 370 2580 neque
394 2538 537 2570 Luciani
562 2538 623 2570 illo
650 2537 724 2570 loco
750 2538 913 2579 firmatur,
938 2548 999 2571 nec
1016 2543 1139 2580 potest,
1166 2538 1294 2581 opinor,
1322 2537 1454 2570 omuino
1473 2538 1694 2580 comprobari,

183 2592 211 2625 si
235 2592 316 2626 fides
338 2595 488 2627 habenda
512 2599 565 2627 est
589 2595 700 2628 Schol.
726 2595 767 2627 ad
793 2595 908 2638 Eurip.
934 2595 1056 2628 Hecnb.
1083 2606 1115 2628 v.
1141 2596 1217 2627 640.
1243 2595 1379 2636 (ἰστέον
1402 2593 1450 2636 δὲ,
1474 2590 1530 2627 ὅτι
1554 2592 1617 2637 τὴν
1630 2594 1699 2640 μὲν

182 2647 340 2696 στροφὴν
360 2647 566 2696 κινούμενοι
596 2650 690 2695 πρὸς
720 2651 762 2685 τὰ
788 2649 882 2691 δεξιὰ
916 2654 951 2686 οἱ
968 2654 1142 2699 χορευταὶ
1168 2648 1269 2698 ᾖδον,
1295 2649 1362 2694 τὴν
1385 2650 1425 2684 δὲ
1451 2649 1699 2698 ἀντιστροφὴν

183 2704 275 2754 πρὸς
294 2704 337 2740 τὰ
361 2703 543 2756 ἀριστερά,
566 2707 631 2753 τὴν
654 2708 697 2743 δέ
717 2708 867 2754 ἐπῳδὸν
891 2705 1080 2754 ἱστάμενοι
1105 2706 1223 2756 ᾖδον.)
1248 2720 1290 2742 ex
1315 2720 1378 2752 quo
1409 2710 1540 2742 eosdem
1566 2710 1600 2742 in
1627 2716 1698 2743 tra-

182 2767 259 2807 gico
283 2766 386 2798 choro
410 2767 553 2801 saltasse
577 2768 822 2810 intellegimus,
846 2767 902 2810 qui
927 2773 1099 2801 canerent.
1147 2766 1341 2809 Euripidem
1358 2772 1469 2799 autem
1487 2768 1592 2800 solum
1610 2768 1697 2800 hunc

184 2834 305 2857 morem
331 2835 500 2866 servasse,
523 2836 596 2858 eum
622 2830 739 2858 contra
757 2825 935 2858 historiam
953 2825 1147 2858 saltationis
1164 2825 1314 2865 tragicae
1331 2828 1468 2867 pugnet,
1494 2825 1558 2857 nisi
1577 2825 1695 2858 idonea

183 2882 366 2915 afferantur
392 2883 584 2916 testimonia
609 2883 727 2926 quibus
752 2882 925 2926 probetur,
951 2883 1008 2915 vix
1027 2883 1184 2922 adducor,
1212 2886 1247 2912 nt
1272 2883 1415 2914 credam.
