2014 3204
894 242 1203 284 *158-

285 368 323 403 et
351 360 487 402 Darii
517 359 559 401 in
588 359 757 401 Persis

342 444 377 471 v.
411 430 502 471 670.
535 442 620 483 sqq.
654 429 775 479 (Dar.)

400 496 617 540 Λεύσσων
646 495 690 540 δ’
723 495 895 539 ἄκοιτιν
923 495 1001 551 τὴν
1030 495 1137 552 ἐμὴν
1167 493 1311 551 τάφου
1342 494 1479 545 πέλας

405 564 573 623 Ταρβῶ,
603 564 709 620 χοὰς
739 564 789 607 δὲ
819 571 1077 620 πρευμενεῖς
1108 564 1333 621 ἐδεξάμην.

287 637 373 687 (uhi
405 637 567 677 Schol.
599 635 648 677 τὸ
678 635 754 677 τοῦ
787 636 978 690 Δαρείου
1020 633 1204 678 εἴδωλον
1239 634 1286 683 ἐξ
1326 631 1435 686 ᾅδου
1476 631 1668 676 ἀνελθὸν
1696 629 1810 689 φησὶ

296 705 408 762 πρὸς
437 707 536 754 τοὺς
566 706 771 760 Πέρσας).

406 775 551 816 Eodem
589 780 719 815 autem
759 774 864 823 loco,
911 787 987 827 quo
1018 771 1290 827 'anapiesmata
1330 786 1415 814 esse
1453 772 1648 820 diximus,
1691 771 1811 813 etiam

288 845 452 885 scalas
483 857 585 897 quae
616 844 678 884 Ch
691 843 881 884 arontis
911 848 1118 892 vocantur,
1154 843 1276 884 fuisse
1307 843 1505 891 existimo,
1537 854 1636 896 quae
1666 842 1720 883 ita
1750 841 1810 883 vi·

289 914 432 954 dentur
464 926 551 954 cum
584 912 858 966 anapiesmatis
890 912 1133 965 coniunctae,
1165 918 1208 953 ut
1239 913 1546 966 anapiesmatum
1575 924 1647 965 ope
1674 915 1808 964 aperto

287 983 540 1036 hyposeenio‚
571 995 642 1035 per
672 982 791 1023 scalas
822 981 918 1030 illas,
955 981 1021 1035 qui
1052 995 1099 1022 ex
1129 981 1268 1022 inferis
1299 982 1488 1031 venirent,
1518 981 1810 1023 adscenderent.

289 1052 359 1091 Est
387 1052 490 1092 enim
511 1052 619 1093 nullo
641 1051 758 1092 modo
789 1051 1009 1100 ferendum,
1043 1051 1148 1104 quod
1179 1051 1224 1091 Ο.
1247 1051 1497 1102 Muellerus1)
1527 1051 1715 1098 voluerat,
1745 1062 1810 1090 eas

293 1121 364 1162 sub
396 1121 508 1162 scalis
539 1126 801 1174 spectatorum
832 1120 976 1168 fuisse,
1017 1132 1143 1173 neque
1182 1133 1274 1161 vero
1313 1121 1418 1161 inter
1447 1133 1511 1161 eas
1539 1120 1662 1161 scalas
1690 1118 1811 1160 fuisse

292 1191 426 1238 credo,
468 1190 610 1243 quihus
648 1189 924 1242 proscaenium
963 1201 1051 1228 cum
1091 1190 1294 1230 orchestra
1330 1189 1585 1230 coniunctum
1622 1193 1723 1238 erat,
1746 1190 1812 1228 'ut

292 1259 335 1302 G.
368 1259 620 1301 Hermannus
633 1257 670 1312 2)
703 1263 907 1299 statuerat.
965 1257 1092 1298 Immo
1124 1271 1171 1298 ex
1191 1259 1453 1311 hyposcaenio
1474 1271 1546 1311 per
1566 1269 1630 1298 eas
1650 1261 1812 1298 ventum

292 1340 377 1368 esse
416 1334 511 1381 puto
552 1329 593 1369 in
635 1327 930 1382 proscaenium,
968 1333 1175 1381 totumque
1205 1328 1372 1369 Pollucis
1411 1328 1560 1374 locum,
1607 1339 1685 1380 quo
1730 1325 1813 1366 solo

294 1397 423 1437 omnis
467 1397 583 1438 huius
619 1398 676 1438 rei
713 1397 924 1450 disputatio
962 1397 1149 1450 firmaturn
1188 1397 1261 1448 (IV.
1297 1396 1390 1437 132.
1421 1394 1468 1436 αἲ
1515 1395 1564 1436 δὲ
1605 1391 1814 1450 χαρώνιοι

294 1465 497 1521 κλίμακες
546 1466 657 1508 κατὰ
694 1465 770 1515 τὰς
810 1465 856 1507 ἐκ
897 1466 983 1507 τῶν
1020 1464 1217 1507 ἑδωλίων
1257 1463 1476 1514 καθόδους
1523 1466 1718 1518 κείμεναι
1761 1460 1815 1503 τὰ

295 1531 456 1575 εἴδωλα
494 1532 575 1576 ἀπ’
623 1530 767 1578 αὐτῶν
806 1532 1158 1589 ἆνοεπέμπουσι),
1205 1534 1455 1588 depravatum
1501 1546 1586 1574 esse
1626 1532 1814 1581 iudicans,

296 1617 385 1644 cum
416 1616 487 1656 pro
518 1603 656 1645 κατὰ
684 1604 773 1653 τὰς
804 1603 857 1645 ἐκ
887 1603 987 1645 τῶν
1016 1602 1254 1645 ἑδωλίων
1294 1591 1569 1651 καθόδους
1607 1603 1816 1655 legendum

297 1686 382 1714 esse
422 1674 586 1714 arbitrer
629 1673 764 1714 κατὰ
800 1673 893 1721 τὰς
929 1673 1028 1715 τῶν
1067 1670 1308 1715 εἰδώλων
1347 1669 1571 1720 καθόδους
1605 1671 1661 1713 sic
1693 1671 1817 1712 inter-

295 1747 456 1795 pretor:
501 1742 698 1784 Charontis
727 1743 851 1784 scalae
881 1749 988 1790 sunt,
1027 1744 1095 1783 ubi
1122 1742 1346 1783 descendunt
1374 1742 1552 1791 umbrae,
1586 1754 1659 1794 per
1687 1751 1819 1795 easque

295 1813 454 1852 umbrae
497 1814 539 1852 in
578 1816 842 1865 proscaenium
889 1812 1129 1853 adscendunt.
1205 1811 1312 1859 Quae
1357 1810 1513 1863 quidem
1553 1809 1748 1851 sententia
1777 1813 1822 1849 ut

297 1881 460 1922 minime
493 1887 552 1922 est
581 1889 759 1923 accurata
798 1889 917 1935 atque
962 1881 1136 1934 elegam,
1177 1880 1227 1920 ita
1267 1893 1287 1920 a
1324 1879 1435 1920 tenui
1463 1879 1632 1920 Pollucis
1663 1877 1820 1931 ingenio

302 1963 549 2004 nequaquam
581 1951 779 1992 abhorret.
840 1951 976 2004 Neque
1017 1962 1106 1991 vero
1148 1949 1293 1989 nimiae
1324 1948 1506 1990 audaciae
1542 1949 1638 1989 haec
1667 1947 1823 1988 coniec-

303 2025 391 2060 tura
421 2019 575 2060 videtur
604 2032 724 2072 posse
755 2021 925 2072 coargui,
967 2019 1056 2072 quia
1087 2032 1130 2059 ea
1161 2018 1351 2059 librorum
1381 2018 1614 2059 auctoritate
1644 2015 1824 2058 nonnihil

307 2094 368 2128 est
388 2089 650 2141 comprobata,
683 2090 875 2143 siquidem
899 2102 1017 2142 quem
1039 2088 1133 2128 olim
1164 2088 1309 2128 contuli
1331 2088 1452 2128 codex
1467 2085 1780 2128 Vindobonensis
1791 2083 1823 2135 ³)

305 2157 474 2209 optimae
511 2163 628 2197 notae
664 2171 736 2210 pro
775 2157 885 2199 κατὰ
921 2157 996 2206 τὰς
1034 2157 1080 2199 ἐκ
1115 2157 1200 2199 τῶν
1231 2155 1426 2199 ἑδωλίων
1455 2155 1679 2204 καθόδους
1708 2154 1826 2196 habet

303 2223 413 2265 κατὰ
441 2224 517 2273 τὰς
548 2224 743 2281 ἕκδωλίῳ
775 2225 1010 2276 καθόδους.
1072 2228 1178 2276 Quae
1218 2227 1251 2267 si
1279 2227 1332 2267 ita
1362 2239 1403 2266 se
1433 2225 1599 2274 habent,
1642 2225 1720 2266 iam
1746 2235 1825 2264 ex·-

305 2299 429 2334 trema
473 2295 651 2335 omnium
683 2308 818 2337 earum
849 2309 996 2345 rerum,
1028 2310 1129 2350 quae
1160 2301 1337 2337 actorum
1371 2295 1459 2336 usui
1496 2294 1671 2336 scaenico
1698 2294 1825 2334 inser-

305 2362 443 2412 virent,
477 2376 524 2403 ex
554 2365 750 2406 orchestra
781 2366 930 2408 sublata
961 2372 1020 2407 est
1032 2364 1083 2420 4).

396 2478 422 2522 ¹)
447 2481 637 2525 Aeschylos
660 2481 878 2515 Eumenideu.
929 2482 1130 2516 Griechisch
1153 2482 1220 2514 nnd
1243 2481 1391 2515 Deutsch
1416 2492 1446 2524 p.
1473 2480 1526 2514 73.

394 2537 419 2581 2)
449 2539 644 2582 Opuscul.
668 2538 707 2573 T.
734 2539 789 2575 Vl.
815 2551 844 2583 p.
871 2540 908 2573 ΙΙ.
935 2552 966 2584 p.
995 2541 1069 2575 134.
1096 2537 1207 2583 ,,κατὰ
1224 2536 1288 2577 τὰς
1302 2538 1341 2574 ἐκ
1363 2539 1433 2572 τῶν
1448 2536 1603 2572 ἑδωλίων
1622 2533 1828 2573 καθόδουςζό

305 2594 413 2629 heisst
437 2596 498 2628 den
525 2597 677 2640 Treppen
703 2598 872 2631 zwischen
897 2598 959 2631 den
986 2597 1100 2630 Sitzen
1126 2597 1327 2641 gegeniibcr.

396 2652 421 2695 ³)
448 2652 496 2686 Cf.
512 2654 569 2688 Ne
582 2665 646 2687 sse
658 2655 686 2698 l,
704 2655 853 2699 Catalog.
872 2657 1092 2699 Manuscript.
1109 2654 1227 2688 Graec.
1242 2658 1328 2698 part.
1343 2654 1374 2686 4.
1391 2665 1420 2697 p.
1437 2653 1488 2686 31.
1509 2652 1532 2685 C
1545 2652 1602 2686 od.
1616 2649 1756 2687 XLIV.
1770 2650 1829 2684 fol.

403 2709 433 2752 ⁴)
459 2710 520 2752 [Cf.
547 2712 816 2756 philologiseher
840 2715 1010 2757 Anzeigcr
1034 2714 1088 2748 lV.
1114 2726 1142 2758 p.
1169 2712 1370 2752 508—517.]

1738 2747 1756 2757 o
