2014 3204
903 187 1214 228 -232—

302 305 563 357 templaretur
607 317 695 356 pro
741 316 996 356 personae
1043 305 1181 345 vultu
1226 310 1382 357 gestum
1427 305 1501 346 sibi
1545 318 1749 359 capessere
1779 319 1823 347 ac

295 386 431 413 vocem
450 370 516 423 ¹).“
1688 376 1690 379 ’

408 442 492 482 Hoc
523 454 614 482 vero
647 441 709 482 vix
741 441 924 482 credibile
955 447 1026 488 est,
1058 442 1162 495 quod
1195 443 1255 482 vir
1275 442 1513 482 clarissimus
1533 443 1821 496 Bernhardy

294 510 444 559 statuit,
475 516 594 563 prout
619 510 863 562 singularum
893 522 1155 562 personarum
1177 510 1219 550 in
1250 510 1412 562 singulis
1442 511 1584 551 fabulis
1615 517 1822 552 mutaren-

295 586 362 620 tur
391 579 512 619 animi
545 584 698 626 motus,
731 578 816 618 aliis
848 584 965 631 atque
996 579 1078 618 aliis
1109 579 1294 631 deinceps
1324 584 1474 618 actores
1506 592 1597 620 usos
1629 593 1716 621 esse
1743 581 1823 622 lar-

296 647 410 697 vis2).
487 647 612 687 Immo
659 660 749 688 cum
794 652 957 700 propter
1001 647 1247 687 theatrorum
1287 647 1588 699 amplitudinem
1619 650 1750 690 vultus
1778 650 1822 689 in

296 729 438 757 scaena
483 716 726 768 exprimendi
771 716 902 756 minus
953 716 1082 756 habita
1125 722 1184 756 est
1228 716 1349 763 ratic,
1393 722 1480 756 tum
1525 728 1616 757 vero
1661 722 1823 771 propter

295 784 424 836 ipsam
456 783 623 823 Graecae
653 785 872 835 tragoediae
904 790 1084 824 naturam
1099 784 1142 835 3).
1202 784 1300 824 Nam
1331 784 1479 832 Graeci,
1511 798 1587 838 qua
1618 792 1730 826 erant
1759 786 1820 827 in-

295 852 400 904 genii
432 852 590 892 solertia
617 852 832 905 iudiciique
862 853 1052 904 elegantia
1083 866 1127 893 ac
1157 853 1385 900 subtilitate,
1418 865 1499 893 non
1530 854 1823 896 commisissent

295 920 486 973 profecto,
536 926 578 960 ut
622 921 698 960 hoc
729 921 883 973 egregio
914 922 1078 962 actionis
1110 921 1338 962 adiumento
1368 922 1471 962 ultro
1502 923 1822 975 supersederent,

295 988 373 1028 nisi
404 993 544 1028 natura
576 1002 621 1028 ac
650 989 870 1041 proprietas
902 990 1125 1041 tragoediae
1157 990 1324 1030 Graecae
1356 990 1430 1031 hoc
1459 991 1626 1040 tulisset,
1669 996 1715 1031 ut
1757 1004 1823 1032 ac—

295 1062 427 1097 torum
472 1057 591 1098 facies
631 1070 675 1097 ac
706 1059 834 1098 vultus
866 1063 1108 1109 tegerentur.
1168 1058 1238 1099 Est
1269 1059 1374 1099 enim
1406 1059 1477 1099 alia
1507 1066 1734 1100 nostrarum
1763 1061 1823 1100 fa-

295 1126 477 1166 bularum
523 1126 634 1173 ratio,
681 1126 752 1166 alia
783 1126 968 1178 antiquae
999 1126 1234 1176 tragoediae.
1293 1127 1405 1179 Apud
1438 1139 1511 1167 nos
1540 1127 1702 1168 indicati
1731 1133 1822 1168 tan-

294 1200 381 1235 tum
413 1200 530 1246 atque
559 1194 733 1234 incohati
766 1195 877 1247 quasi
923 1207 944 1234 a
989 1195 1116 1246 poetis
1162 1207 1306 1244 mores,
1354 1201 1398 1235 ut
1441 1196 1646 1236 histrionis
1687 1195 1740 1236 sit
1783 1201 1823 1235 et

295 1263 378 1304 aliis
408 1263 613 1315 praesidiis
644 1270 682 1303 et
713 1263 843 1305 vultus
884 1264 1137 1317 potissimum
1168 1276 1242 1316 ope
1287 1277 1354 1304 eos
1398 1265 1585 1317 perficere
1631 1269 1671 1304 et
1711 1264 1822 1316 quasi

294 1337 387 1371 ante
420 1336 687 1383 spectatorum
721 1335 854 1373 oculos
885 1333 1118 1385 animosque
1149 1333 1352 1384 explicare,
1396 1333 1437 1372 in
1470 1333 1709 1373 Graecorum
1739 1339 1821 1373 tra—

295 1400 433 1452 goedia
477 1401 601 1441 factae
632 1403 822 1454 quaedam
855 1408 902 1452 et⁴
925 1412 1132 1454 expressae
1163 1402 1298 1442 statim
1327 1402 1375 1442 ab
1406 1401 1516 1441 initio
1547 1413 1705 1441 morum
1734 1400 1818 1440 for-

294 1481 402 1516 mae,
423 1460 425 1462 *
449 1482 549 1521 quae
580 1481 660 1509 non
691 1474 773 1509 tam
805 1470 1055 1522 explicandae
1086 1475 1126 1508 et
1156 1470 1410 1522 supplendae,
1458 1482 1577 1522 quam
1606 1469 1820 1509 servandae

301 1542 338 1577 et
369 1537 600 1578 retinendae
631 1551 701 1591 per
732 1550 873 1578 omnes
904 1538 1055 1578 fabulae
1087 1538 1375 1578 vicissitudines
1406 1539 1620 1578 videantur.

406 1605 638 1653 Accedebat,
677 1607 782 1659 quod
813 1611 904 1646 nota
938 1612 1049 1646 erant
1078 1608 1182 1659 apud
1214 1607 1381 1646 Graecos
1414 1606 1597 1646 omnibus
1628 1607 1722 1653 fere,
1752 1605 1820 1657 qui

294 1675 335 1714 in
375 1675 529 1714 theatro
570 1675 815 1726 spectabant,
855 1675 1075 1715 fabularum
1113 1688 1202 1716 cum
1238 1681 1470 1728 argumenta
1501 1679 1585 1714 tum
1613 1686 1819 1727 personae,

294 1743 346 1783 ita
379 1748 422 1783 ut
452 1743 616 1791 facilius,
654 1744 789 1796 quales
823 1756 887 1783 eas
924 1745 1066 1796 singuli
1100 1744 1381 1785 informassent
1414 1749 1567 1796 poetae,
1604 1742 1819 1783 diiudicare

294 1817 475 1864 possent,
512 1824 601 1851 cum
639 1812 680 1851 in
716 1811 863 1851 nostris
898 1811 1062 1851 theatris
1099 1811 1193 1851 aliae
1229 1817 1346 1864 atque
1383 1812 1477 1852 aliae
1507 1812 1742 1852 innumerae
1777 1823 1820 1851 se

299 1880 495 1932 excipiant
523 1880 688 1927 fabulae,
726 1892 892 1932 quarum
931 1880 1194 1921 diversissima
1226 1885 1456 1932 argumenta
1486 1885 1553 1920 aut
1583 1879 1736 1919 nemini
1755 1883 1822 1919 aut

295 1949 431 2001 paucis
467 1953 561 1989 sunt
591 1949 758 2000 cognita.
811 1948 1079 1995 Quamobrem
1111 1955 1155 1989 ut
1179 1960 1254 1988 nos
1285 1949 1443 2001 quidem
1471 1949 1514 1988 in
1544 1961 1683 1988 scaena
1713 1948 1821 1988 nullo

297 2022 411 2068 pacto
442 2020 546 2058 ferre
577 2030 790 2069 possumus
826 2017 1021 2056 larvarum
1051 2029 1182 2064 usum,
1218 2018 1269 2057 ita
1302 2018 1450 2064 Graeci,
1489 2030 1589 2069 quae
1619 2021 1703 2056 erat
1737 2020 1819 2056 tra-

230 2075 232 2077 *
293 2086 454 2136 goediae
494 2086 595 2137 apud
639 2098 705 2125 eos
746 2091 904 2133 natura,
955 2086 1068 2125 facile
1111 2098 1201 2125 eum
1242 2091 1427 2138 poterant
1474 2085 1702 2132 admittere,
1752 2084 1820 2136 qui

295 2154 391 2192 adeo
433 2166 515 2192 non
543 2153 767 2205 indigerent
804 2154 934 2194 vultus
970 2154 1178 2202 varietate,
1218 2160 1262 2194 ut
1302 2154 1398 2194 satis
1432 2154 1480 2194 iis
1517 2160 1640 2202 esset,
1681 2165 1819 2206 quem-

388 2281 410 2320 ¹)
436 2281 593 2313 Fronto
619 2278 656 2312 ΙΙ.
683 2291 713 2322 p.
740 2279 815 2311 253.
844 2279 893 2312 ed.
922 2279 1060 2312 Mediol.
1098 2280 1223 2313 Eodem
1241 2278 1453 2313 referendum
1471 2277 1620 2314 fortasse
1638 2281 1816 2324 Quintil.

291 2335 350 2368 ΧΙ.
377 2337 407 2368 3.
436 2337 487 2368 73.
512 2336 553 2368 In
577 2337 631 2376 iis,
657 2346 739 2378 qaae
763 2335 811 2368 acl
833 2346 992 2368 scaenam
1016 2340 1273 2381 componantur,
1300 2337 1439 2381 sabulis
1462 2339 1617 2379 artifices
1637 2341 1818 2382 pronunti-

292 2394 374 2426 andi
397 2405 418 2426 a
440 2395 598 2437 personis
621 2403 745 2436 quoque
767 2395 919 2435 affectu-s·
941 2397 1163 2427 mutuantur:
1187 2397 1223 2427 at
1240 2396 1289 2427 sit
1305 2395 1435 2439 Aerope
1451 2396 1486 2426 in
1503 2393 1682 2437 tragoedia
1697 2397 1818 2437 tm'sttssr,

292 2453 399 2483 atrooe
423 2450 548 2492 Medea,
575 2452 744 2483 attonitus
771 2452 875 2492 Aiaoe,
903 2450 1114 2484 truculentus
1137 2451 1301 2484 Hercules.

384 2507 413 2548 ²)
439 2507 477 2541 G.
503 2508 771 2551 Bernhardy,
810 2507 997 2540 Grundriss
1036 2509 1095 2541 der
1130 2508 1365 2550 griechischen
1392 2507 1594 2541 Litteratur.
1619 2507 1657 2541 ΙΙ.
1685 2519 1713 2551 p.
1740 2510 1816 2543 649.

294 2563 345 2597 W
342 2567 421 2608 em‘g
458 2566 538 2598 lzo'rt
576 2575 655 2597 man
696 2575 755 2598 von
791 2564 986 2608 dmy'em'gen
1022 2564 1139 2598 Hlasse
1174 2576 1234 2598 von
1271 2565 1424 2606 Masken,
1459 2564 1513 2597 die
1550 2575 1632 2597 man
1667 2563 1817 2599 ἒκσκευα

292 2625 430 2654 nannte:
458 2622 602 2664 Hcsych.
629 2619 671 2654 τὰ
689 2615 929 2667 παρεπόμενα
956 2619 1140 2669 πρόσωπα
1163 2623 1224 2656 ἐπὶ
1251 2623 1394 2664 σκηνῆς,
1418 2621 1480 2654 das
1510 2623 1625 2664 heisa-t,
1650 2624 1712 2666 wic
1734 2634 1819 2656 man

292 2690 355 2711 aus
379 2679 438 2711 der
463 2679 730 2712 umstc'iudlicleen
756 2680 1007 2723 Besclzrffl'bvmg·
1031 2680 1136 2713 Poll.
1161 2679 1225 2714 IV.
1255 2680 1315 2713 141
1343 2681 1414 2719 (wo
1439 2678 1589 2713 ἔνσκειά
1613 2681 1695 2712 noclz
1710 2681 1817 2720 stelit)

292 2736 426 2777 ersielzt,
464 2736 572 2768 solclze
608 2737 659 2768 dle
695 2746 736 2767 za
772 2735 969 2769 lausonam-en
1002 2737 1127 2770 Seenen
1163 2736 1235 2770 med
1267 2739 1498 2770 momentanea
1523 2736 1818 2780 characterzagen

289 2793 463 2836 passienf‘
512 2792 583 2833 Ego
610 2793 686 2834 quid
717 2794 756 2825 de
782 2794 845 2825 illo
870 2794 1043 2826 larvarum
1069 2804 1192 2836 genere
1218 2794 1391 2834 sentirem,
1416 2795 1557 2837 exposui
1583 2806 1612 2838 p.
1639 2795 1715 2827 205.

385 2848 414 2890 ³)
439 2849 488 2882 Cf.
515 2850 562 2882 dc
587 2850 799 2893 Aeschyli
825 2861 871 2884 re
897 2851 1107 2884 scaenica.
1133 2851 1215 2884 Pars
1240 2851 1277 2884 ΙΙ.
1302 2861 1331 2893 p.
1359 2851 1434 2883 202.
