2014 3204
0 43 5 58 ,-
54 45 75 56 >.
115 39 181 62 2¹2²>
232 36 233 39 ’
267 40 270 42 “

801 197 997 241 -225
1056 222 1112 229 —-

151 335 156 337 Α
195 313 629 372 ρῐοίιέιὶᾱοηιιῑῙ).
696 317 812 365 Quod
842 322 1034 370 quantum
1064 315 1111 356 ad
1144 315 1384 367 tragoediam
1416 322 1458 356 et
1486 316 1722 370 intellegen-

196 387 287 429 dam
310 392 350 428 et
369 387 562 439 agendam
592 386 756 427 valuerit
785 385 988 426 neminem
1019 391 1154 438 potest
1182 386 1332 437 fugere.
1393 386 1464 425 Est
1493 386 1599 426 enim
1630 400 1719 427 om-

195 455 308 497 nium
330 467 467 496 earum
496 467 644 503 rerum,
675 466 776 507 quae
805 455 927 495 actori
959 454 1205 495 necessariae
1236 460 1344 503 sunt,
1375 459 1419 494 ut
1449 455 1719 507 aedificiorum

196 519 388 564 memoria
417 523 529 576 quasi
567 524 894 570 fundamentum,
936 535 1066 575 neque
1104 534 1279 575 unquam
1317 523 1483 563 alienam
1523 528 1720 569 naturam,

195 591 237 644 id
265 592 371 644 quod
402 591 607 632 histrionis
636 604 725 631 esse
755 590 948 641 vidimus,
985 590 1134 643 poterit
1172 603 1265 643 prae
1302 603 1347 630 se
1384 590 1490 630 ferre
1532 591 1608 631 nisi
1654 591 1720 643 qui

196 671 360 712 prorsus
389 672 476 700 eam
507 673 620 701 suam
655 660 807 701 fecerit.
866 659 1013 712 Utique
1051 658 1264 699 multarum
1305 670 1537 706 causarum,
1578 659 1723 710 quibus

196 727 382 769 effectum
414 734 484 775 est,
515 733 559 768 ut
588 728 707 768 hodie
736 728 974 768 histrionum
1006 739 1071 767 ars
1101 727 1142 766 in
1173 727 1256 766 dies
1287 728 1412 778 magis
1443 728 1725 779 pessumdetur

196 795 299 836 haud
329 796 538 837 mediocris
567 804 628 837 est
657 810 717 845 ea,
748 796 853 850 quod
883 796 960 835 iam
990 806 1110 835 nemo
1130 795 1214 835 fere
1234 807 1338 835 unus
1359 795 1541 835 omnium
1563 795 1723 835 histrio·

197 876 294 905 num
324 877 424 918 quae
457 865 607 917 agenda
645 870 743 905 sunt
771 864 964 904 memoria
1001 869 1134 911 tenet,
1174 864 1242 904 sed
1282 863 1459 916 plerique
1499 863 1723 903 dubitantes

195 945 327 986 saepe,
357 945 474 986 saepe
495 933 747 981 haesitantes,
778 934 939 976 auribus
961 933 1184 986 animisque
1205 944 1287 971 non
1307 938 1389 972 tam
1419 932 1459 972 in
1480 944 1565 972 rem
1596 933 1723 984 ipsam

195 1002 398 1043 conversis
427 1015 547 1056 quam
578 1002 619 1042 in
648 1003 856 1043 monitoris
886 1003 1113 1055 speluncam
1145 1001 1282 1041 defixis
1323 1001 1372 1040 ab
1403 1002 1487 1042 eius
1525 1013 1595 1042 ore
1638 1002 1723 1042 sin-

194 1071 284 1123 gula
327 1070 446 1111 verba
490 1078 680 1124 tanquam
712 1076 971 1123 aucupantur.
1031 1070 1133 1110 Num
1167 1082 1259 1110 vero
1291 1070 1332 1110 in
1362 1070 1503 1110 eodem
1535 1070 1719 1110 aedificio

196 1139 374 1180 examina
404 1139 466 1179 illa
486 1139 723 1180 histrionum
753 1140 929 1180 instituta
959 1139 1119 1186 fuerint,
1150 1139 1200 1178 de
1230 1138 1375 1191 quibus
1404 1139 1627 1190 expositum
1660 1143 1722 1178 est

194 1207 235 1247 in
265 1208 383 1248 altera
422 1208 540 1247 huius
585 1208 934 1248 commentationis
979 1213 1090 1260 parte
1101 1208 1147 1256 ²),
1191 1219 1332 1259 parum
1378 1206 1511 1258 liquet.
1585 1207 1723 1259 Neque

197 1276 321 1327 magis
352 1276 600 1328 exploratum
629 1281 701 1323 est,
748 1288 844 1316 num
885 1289 931 1316 eo
975 1276 1060 1315 loco
1105 1275 1224 1315 etiam
1269 1276 1553 1315 choreutarum
1598 1275 1724 1315 factae

199 1343 499 1384 exercitationes
529 1344 754 1396 fuerintque
783 1344 849 1391 ibi,
881 1357 982 1397 quae
1004 1344 1140 1384 Pollux
1169 1343 1351 1383 nominat
1380 1343 1445 1382 IX.
1478 1344 1546 1383 41.
1577 1343 1723 1383 choro-

197 1424 288 1452 rum
318 1410 612 1451 διδασκαλεῖα
657 1410 861 1464 (ἐκάλουν
907 1411 957 1452 δὲ
998 1410 1048 1452 τὸ
1092 1410 1412 1452 διδασκαλεῖον
1456 1410 1531 1450 καὶ
1576 1409 1724 1465 χορόν,

199 1476 339 1519 ὁπότε
366 1479 441 1519 καὶ
478 1478 556 1520 τὸν
583 1477 873 1520 διδάσκαλον
891 1478 1080 1534 χορηγὸν
1117 1478 1190 1519 καὶ
1226 1479 1276 1519 τὸ
1318 1473 1558 1520 διδάσκειν
1593 1494 1723 1534 χορη-

201 1546 333 1600 νεῖν).

313 1615 572 1668 Posteaquam
615 1621 748 1656 autem
794 1617 918 1668 magis
962 1617 1039 1656 iam
1084 1616 1236 1655 exculta
1285 1620 1346 1655 est
1390 1615 1629 1656 histrionum
1661 1630 1726 1657 ars

201 1696 361 1736 semper
390 1696 515 1724 novae
546 1685 788 1726 docebantur
819 1684 986 1731 fabulae,
1016 1685 1086 1723 sed
1116 1684 1307 1736 Aeschyli,
1338 1684 1567 1736 Sophoclis,
1609 1685 1728 1725 Euri-

197 1752 301 1804 pidis
348 1752 571 1804 tragoediae
629 1753 775 1793 iterum
824 1754 1050 1805 iterumque
1093 1753 1136 1792 in
1182 1763 1366 1792 scaenam
1422 1753 1725 1801 revocabantur,

199 1820 318 1860 etiam
362 1821 542 1873 privatim
581 1826 693 1860 antea
724 1821 940 1861 histriones
970 1827 1284 1864 consentaneum
1316 1826 1378 1861 est
1405 1834 1475 1861 sua
1507 1822 1634 1862 studia
1665 1822 1725 1861 se-

200 1889 301 1928 cisse
331 1890 372 1928 et
400 1902 489 1929 cum
522 1889 571 1929 de
602 1889 821 1929 fabularum
851 1895 1086 1941 argumento
1117 1901 1301 1941 nexuque
1331 1894 1417 1928 tum
1449 1890 1497 1928 de
1527 1901 1721 1941 persona-

198 1969 302 2003 rum,
338 1969 435 2009 quas
465 1962 636 2009 agerent,
682 1958 859 1997 moribus
890 1958 1100 1997 meditatos
1130 1970 1229 2004 esse,
1276 1958 1449 2009 denique
1480 1957 1623 2009 quibus
1653 1970 1723 1997 sua

201 2025 395 2077 cuiusque
417 2025 568 2066 indoles
598 2026 769 2066 maxime
799 2032 888 2078 apta
920 2027 1130 2074 videretur,
1161 2039 1226 2066 eas
1256 2026 1511 2078 potissimum
1541 2026 1615 2066 sibi
1646 2026 1727 2065 ele-

199 2093 302 2145 gisse
339 2099 482 2146 partes.
519 2098 525 2102 ’
557 2094 681 2134 Veluti
713 2094 965 2134 Theodorum
1010 2100 1049 2134 et
1094 2094 1399 2142 Aristodemum,
1447 2094 1728 2135 Demosthenis

295 2234 318 2274 1)
342 2233 467 2266 Contra
504 2243 653 2276 pugnare
688 2232 826 2265 videtur
862 2232 1079 2266 Plutarch.
1115 2238 1286 2277 praecept.
1320 2234 1489 2275 gerendae
1515 2234 1728 2276 reipublicae

200 2301 229 2323 c.
258 2291 309 2324 17.
333 2289 371 2322 T.
399 2289 436 2322 ll.
463 2301 493 2333 p.
519 2290 595 2323 993.
621 2290 672 2322 ed.
697 2290 807 2323 Paris.
830 2288 921 2323 ἀλλὰ
944 2293 1147 2335 μιμεῖσθαι
1172 2291 1231 2324 δεῖ
1251 2292 1420 2334 (loquitur
1437 2291 1477 2322 de
1495 2291 1538 2323 iis
1557 2291 1614 2333 qui
1632 2301 1730 2334 prae·

199 2353 279 2380 sunt
308 2347 532 2391 reipublicae)
566 2344 652 2383 τοὺς
682 2344 887 2391 ὑποκριτὰς,
921 2341 1045 2385 πάθος
1078 2348 1148 2393 μὲν
1184 2346 1283 2381 ἴδιον
1305 2349 1366 2381 καὶ
1389 2343 1481 2390 ἦθος
1502 2349 1563 2381 καὶ
1588 2347 1729 2392 ἀξίωμα

200 2406 249 2449 τῷ
271 2401 386 2449 ἀγῶνι
410 2405 684 2450 προστιθέντας,
707 2404 768 2436 τοῦ
785 2403 822 2438 δὲ
841 2403 1048 2448 ὑποβολέως
1062 2401 1262 2442 ἀκούοντας
1277 2406 1339 2438 καὶ
1354 2404 1406 2450 μὴ
1423 2408 1731 2452 παρεκβαίνοντας

200 2460 281 2499 τοὺς
309 2461 475 2508 ῥυθμοὺς
504 2462 566 2493 καὶ
588 2459 629 2493 τὰ
654 2462 767 2507 μίτρα
790 2462 852 2504 τῆς
876 2460 1071 2506 διδομένης
1101 2462 1266 2500 ἐξουσίας
1296 2460 1370 2496 ὑπὸ
1398 2463 1469 2496 τῶν
1492 2458 1730 2508 κρατούντων,

202 2519 260 2552 ubi
284 2516 473 2562 ὑποβυλεῖς
498 2518 740 2551 existimarunt
765 2529 840 2551 esse
864 2519 942 2552 illos
967 2520 1164 2561 monitores,
1189 2530 1273 2562 quos
1296 2518 1420 2551 Festus
1445 2519 1530 2552 dicit
1554 2520 1588 2552 in
1607 2530 1730 2553 scaena

203 2586 339 2608 monere
361 2576 549 2608 histriones
575 2575 813 2618 (Soufsleurs).
863 2577 904 2609 At
930 2588 994 2608 non
1025 2578 1066 2609 de
1091 2577 1208 2609 verbis
1232 2577 1364 2618 agitur,
1395 2587 1480 2618 quae
1506 2577 1579 2618 quis
1603 2578 1728 2619 praeit.

203 2633 262 2665 sed
292 2633 333 2665 de
362 2633 491 2666 musica
516 2632 672 2665 tibicinis
697 2633 861 2666 videlicet
891 2643 954 2675 qua
986 2638 1022 2665 et
1045 2633 1250 2665 histrionum
1284 2638 1318 2665 et
1342 2633 1581 2666 choreutarum
1606 2638 1727 2666 cantus

204 2694 413 2732 temperatur
442 2689 508 2729 (Cf.
540 2689 702 2723 Philon.
733 2691 778 2722 de
809 2690 902 2722 vita
932 2689 1030 2722 Mos.
1062 2689 1099 2721 11.
1132 2700 1162 2731 p.
1194 2690 1271 2723 659.
1298 2688 1454 2722 Francos.
1483 2690 1581 2724 1691.
1606 2687 1730 2737 ὥσπερ

203 2743 409 2787 ὑποβολέως
432 2743 596 2792 ἅρράιως
619 2747 861 2791 ἕνηχοῦντος),
899 2756 940 2778 ne
964 2747 998 2779 in
1023 2747 1126 2779 animi
1158 2746 1472 2789 perturbationibus
1501 2748 1730 2790 exprimendis

206 2803 287 2835 fines
312 2803 620 2844 transgrediantur.
669 2803 718 2838 Cf.
745 2805 902 2837 Cicero
927 2806 971 2837 de
997 2806 1197 2837 Oratore.
1223 2803 1274 2836 ΙΙΙ.
1300 2806 1355 2838 60.
1382 2805 1403 2846 ξ
1429 2805 1505 2837 225.

295 2859 321 2898 ²)
347 2858 393 2892 Cf.
421 2860 473 2892 De
499 2862 710 2904 Aeschyli
738 2873 779 2894 re
805 2862 1007 2895 scaenica.
1036 2861 1135 2894 Pars
1161 2860 1196 2893 ll.
1224 2872 1253 2903 p.
1284 2862 1357 2895 163.

273 2914 300 2942 J.
320 2915 546 2945 Sommcrbrodt.
565 2916 716 2943 Scaenicn.
1454 2920 1495 2953 15
