2014 3204
912 230 1195 270 -25—

294 345 359 397 qui
394 357 503 392 usus,
540 345 637 384 adeo
668 344 897 395 ambigitur,
937 349 979 384 ut
1016 345 1245 397 perdifficile
1281 347 1458 387 videatur
1493 347 1535 386 in
1578 350 1686 386 tanta
1729 359 1818 387 cum

294 412 470 452 fontium
501 412 667 464 penuria
698 418 783 451 tum
820 412 1134 453 coniecturarum
1175 414 1382 466 farragine,
1427 415 1521 466 quid
1574 427 1712 454 verum
1757 415 1820 463 sit,

292 481 460 532 assequi.
523 481 631 527 Quae
661 492 751 520 cum
782 480 834 519 ita
865 480 958 527 sint,
992 481 1089 520 nihil
1119 482 1317 535 antiquius
1348 482 1574 522 habendum
1620 495 1706 523 esse
1751 495 1819 523 ex·

292 549 439 596 istimo,
471 561 590 599 quam
620 553 665 587 ut
695 561 794 600 quae
817 553 971 588 exstant
1000 549 1227 590 testimonia
1259 563 1412 590 summa
1435 551 1614 590 cautione
1644 563 1822 591 summa-

292 630 368 669 que
398 616 588 668 religione
621 617 915 665 examinentur,
960 618 1219 669 repudientur
1255 624 1386 658 autem
1433 624 1550 671 atque
1595 619 1823 659 reiiciantur

292 697 402 733 vana,
439 697 539 736 quae
570 685 663 724 solis
695 686 934 725 coniecturis
966 686 1161 734 nituntur,
1193 691 1431 727 commenta.

406 753 615 792 Videamus
647 759 778 793 autem
810 754 996 805 primum,
1043 768 1121 807 quo
1153 756 1378 795 orchestrae
1408 756 1494 795 loco
1539 754 1658 793 fuerit
1700 753 1821 794 collo-

292 827 374 862 cata
423 822 607 873 thymele.
675 822 724 860 Et
769 820 1003 871 Genellius')
1057 822 1237 874 quidem,
1283 823 1390 862 nulla
1441 821 1604 861 omnino
1659 821 1819 861 testium

292 890 524 929 auctoritate
554 890 686 937 allata,
727 890 925 941 thymelen
955 889 995 928 in
1026 890 1154 929 media
1196 890 1395 930 orchestra
1433 889 1662 929 collocatam
1699 889 1822 929 fuisse

293 958 397 997 (licit.
450 958 558 997 Idem
591 958 745 998 censuit
766 957 970 1009 Hirtius2)‚
1001 957 1105 996 idem
1138 955 1396 1007 Muellerus3).
1447 958 1582 1010 Neque
1603 969 1695 997 vero
1726 956 1820 997 illud

292 1038 374 1065 non
406 1033 521 1066 recte.
581 1029 831 1078 Quamquam
876 1038 966 1066 cum
1005 1027 1269 1077 neglexissent
1305 1026 1398 1065 illud
1436 1025 1729 1073 testimonium,
1774 1038 1821 1065 ex

294 1107 373 1146 quo
396 1099 557 1146 apparet
587 1095 731 1146 duplici
753 1107 869 1133 sensu
893 1094 1120 1147 orchestrae
1150 1107 1285 1134 vocem
1306 1098 1538 1146 usurpatam
1570 1106 1670 1139 esse,
1701 1093 1820 1132 altera

291 1162 442 1210 latiori,
484 1163 604 1202 altera
638 1163 787 1208 artiori,
818 1163 951 1202 omnia
982 1163 1125 1202 mirum
1156 1163 1197 1202 in
1228 1163 1388 1202 modurn
1421 1161 1691 1201 turbaverunt.
1753 1161 1823 1201 Est

292 1236 424 1270 autem
470 1231 532 1270 ille
577 1231 707 1278 locus,
747 1244 825 1282 quo
857 1236 981 1270 totam
1011 1230 1092 1269 fere
1123 1242 1234 1270 suam
1265 1230 1503 1269 sententiam
1535 1229 1821 1280 Hermannuff)

291 1299 471 1346 firmavit,
503 1299 711 1351 Etymol.
742 1299 889 1350 Magn.
921 1311 957 1350 p.
993 1297 1097 1337 743.
1133 1297 1199 1337 30.

406 1364 567 1420 σκηνή
589 1362 707 1407 ἐστιν
728 1363 752 1421 ἦ
775 1368 885 1421 μέση
917 1363 1035 1420 χώρα
1055 1365 1132 1406 τοῦ
1152 1363 1346 1419 θεάτρου
1362 1379 1370 1388 ·
1399 1361 1678 1419 παρασκήνια
1698 1363 1748 1405 δὲ
1767 1378 1822 1404 τα

412 1432 543 1474 ἔνθεν
572 1434 645 1474 καὶ
678 1433 809 1476 ἔνθεν
825 1434 898 1489 τῆς
915 1436 1049 1487 μέσης
1063 1433 1205 1488 χώρας
1221 1431 1455 1485 κάγκελλα.
1472 1432 1498 1487 ἢ
1517 1437 1590 1474 ἵνα
1607 1433 1821 1486 σαφέστε-

416 1516 493 1555 ρον
515 1503 645 1551 εἴπω,
665 1502 795 1557 σκηνὴ
813 1500 837 1557 ἡ
863 1501 973 1556 μετὰ
988 1501 1067 1556 τήν
1083 1495 1242 1556 σκευήν
1258 1499 1409 1550 εὐθὺς,
1427 1501 1502 1541 καὶ
1523 1500 1578 1541 τὰ
1593 1499 1822 1556 παρασκή-

411 1582 504 1609 νια·
537 1570 654 1610 εἶτα
685 1567 710 1624 ἡ
742 1567 1036 1625 ὀρχήστρα,
1078 1567 1208 1625 αὕτη
1241 1569 1301 1610 δέ
1340 1569 1499 1610 ἐστιν
1537 1566 1560 1610 ὁ
1596 1566 1770 1617 τόπος
1799 1566 1823 1610 ὁ

410 1634 465 1677 ἐκ
498 1637 738 1679 σανίδων
768 1637 899 1690 ἔχων
938 1638 995 1679 τὸ
1036 1638 1264 1694 ἔδαφος,
1297 1635 1378 1692 ἐφ’
1412 1633 1469 1678 οὗ
1498 1635 1824 1691 θεατρίζου-

405 1715 493 1746 σιν
524 1703 576 1745 οἳ
607 1713 790 1759 μῖμοι·
833 1709 949 1748 εἶτα
990 1706 1126 1760 μετὰ
1170 1703 1263 1762 τήν
1304 1703 1605 1760 ὀρχήστραν
1645 1703 1824 1759 βωμὸς

406 1765 469 1827 ἦν
497 1774 590 1814 τοῦ
613 1773 902 1824 Διονύσου,
934 1775 1275 1830 τετράγωνον
1305 1770 1654 1828 οἰκοδόμημα
1673 1771 1824 1815 κενὸν

405 1839 498 1880 ἐπὶ
549 1839 645 1882 τοῦ
693 1844 880 1894 μέσου,
933 1842 955 1885 ὃ
1006 1842 1257 1884 καλεῖται
1307 1841 1521 1896 θυμέλη
1573 1840 1718 1896 παρὰ
1765 1838 1823 1882 ‘cd

403 1906 586 1950 θύειν·
632 1908 761 1961 μετὰ
807 1911 864 1952 δὲ
907 1912 1001 1967 τήν
1043 1908 1283 1966 θυμέλην
1327 1908 1351 1965 ἡ
1391 1912 1654 1964 κονίστρα
1697 1923 1824 1950 του-

404 1978 562 2017 τέστι
592 1977 651 2017 τό
684 1977 823 2020 κάτω
855 1979 1064 2037 ἔδαφος
1093 1981 1188 2021 τοῦ
1217 1976 1506 2033 θεάτρου.5)

407 2045 563 2085 Etenim
595 2059 775 2088 scaenam
808 2051 865 2089 vel
897 2051 1029 2103 potius
1060 2048 1335 2102 proscaenium
1367 2047 1582 2099 excipiebat
1608 2047 1822 2095 orchestra,

294 2114 410 2154 scalis
443 2126 534 2153 cum
565 2127 705 2156 scaena
737 2118 996 2169 coniunctass).
1058 2117 1269 2157 Orchestra
1300 2121 1453 2164 autem,
1486 2115 1700 2155 Hermanni
1730 2127 1824 2155 sen-

392 2240 415 2282 ¹)
442 2241 589 2283 Genelli‚
618 2243 648 2274 d.
674 2242 823 2275 Theater
848 2254 889 2275 zu
915 2244 1036 2276 Athen.
1063 2254 1092 2286 p.
1121 2243 1173 2275 72.

384 2300 412 2340 ²)
438 2300 529 2340 Hirt,
556 2299 676 2332 Gesch.
702 2299 762 2331 der
786 2299 969 2332 Baukunst.
995 2299 1056 2332 Th.
1081 2299 1132 2332 ΙΙΙ.
1158 2310 1188 2342 p.
1214 2300 1268 2331 91.

383 2355 408 2397 ³)
435 2357 458 2389 1.
485 2357 507 2388 l.
533 2357 674 2398 Anhang
701 2367 740 2388 zu
767 2356 836 2389 dein
863 2358 991 2390 Buche:
1039 2357 1230 2400 Aeschylos
1255 2355 1473 2388 Eumeniden.

382 2412 411 2454 ⁴)
437 2413 617 2445 Hermanni
643 2424 756 2456 opusc.
781 2414 819 2446 T.
850 2414 901 2447 VI.
927 2425 957 2457 p.
985 2412 1023 2445 ll.
1048 2424 1078 2456 p.
1110 2413 1171 2446 145
1199 2423 1270 2454 squ.

384 2469 410 2511 ὅ)
437 2471 502 2502 Has
529 2470 793 2512 emendationes,
818 2482 958 2514 quarum
984 2470 1108 2503 mentio
1134 2469 1222 2501 facta
1255 2473 1330 2501 erat
1361 2469 1410 2500 in:
1458 2469 1635 2501 Jenaisehe
1660 2468 1822 2502 Βίωνα.-

293 2526 381 2559 Zeit.
407 2526 470 2559 No.
500 2526 573 2560 114.
605 2527 703 2568 1842,
729 2538 854 2560 sumina
881 2539 942 2571 qua
970 2533 1023 2560 est
1047 2526 1298 2566 benevolentia,
1325 2526 1381 2558 vir
1404 2525 1665 2558 humanissimus
1694 2535 1822 2558 mecum

293 2583 565 2615 communicavit.
603 2583 691 2615 Olim
718 2585 805 2616 enim
823 2585 1021 2626 legebatur:
1049 2576 1161 2626 σκηνή
1186 2582 1288 2615 ἐστιν
1304 2579 1325 2624 ἡ
1342 2582 1435 2626 μέση
1453 2577 1548 2627 θύρα
1565 2582 1628 2614 τοῦ
1652 2579 1824 2627 θεάτρου,

294 2637 509 2685 περισκήνια
535 2638 640 2679 (Suid.
665 2636 911 2682 παρασκήνια)
939 2638 977 2673 δὲ
1002 2638 1043 2671 τὰ
1070 2637 1221 2672 ἔνδοθεν
1256 2637 1309 2680 (τὰ
1335 2639 1443 2672 ἔνθεν
1476 2639 1536 2671 καὶ
1571 2637 1678 2672 ἔνθεν
1714 2638 1823 2679 Suid.)

292 2696 353 2738 τῆς
375 2696 489 2739 μέσης
511 2693 639 2741 θύρας,
658 2696 782 2739 χαλκᾶ
799 2693 991 2739 κάγκελλα·
1016 2697 1076 2728 καὶ
1101 2696 1160 2729 ἴνα
1178 2697 1402 2741 σαφέστερον
1419 2696 1521 2736 εἴπω,
1548 2691 1660 2737 σκηνὴ
1684 2692 1704 2737 ἦ
1729 2694 1821 2740 μετὰ

293 2749 355 2794 τὴν
380 2748 513 2793 σκηνὴν
536 2749 647 2788 εὐθὺς
669 2752 730 2784 καὶ
754 2749 798 2784 τὰ
822 2747 1047 2798 περισκήνια,
1081 2753 1187 2794 (Suid.
1219 2747 1472 2797 παρασκήνια)
1508 2749 1529 2793 ἡ
1567 2745 1754 2798 ὀρχήστρα
1780 2769 1822 2776 —-

291 2805 383 2853 μετὰ
408 2804 472 2845 τὴν
496 2809 658 2852 θυμέλην
682 2806 702 2850 ἡ
728 2804 919 2855 ὀρχήστρα.

386 2865 414 2904 ⁶)
440 2863 489 2896 Cf.
515 2864 659 2897 Athen.
688 2865 734 2897 de
762 2866 964 2898 machinis
1001 2866 1035 2898 in
1061 2870 1213 2899 veterum
1239 2866 1505 2898 mathematicor.
1538 2875 1610 2909 opp.
1637 2865 1688 2899 ed.
1713 2865 1821 2898 Paris.
