<?xml version="1.0" encoding="UTF-8"?>
<!DOCTYPE html PUBLIC "-//W3C//DTD XHTML 1.0 Transitional//EN"
    "http://www.w3.org/TR/xhtml1/DTD/xhtml1-transitional.dtd">
<html xmlns="http://www.w3.org/1999/xhtml" xml:lang="en" lang="en">
 <head>
  <title>
</title>
<meta http-equiv="Content-Type" content="text/html;charset=utf-8" />
  <meta name='ocr-system' content='tesseract 3.04.00' />
  <meta name='ocr-capabilities' content='ocr_page ocr_carea ocr_par ocr_line ocrx_word'/>
</head>
<body>
  <div class='ocr_page' id='page_1' title='image "./scaenicacollecta00sommuoft_0184.png"; bbox 0 0 2014 3204; ppageno 0'>
   <div class='ocr_carea' id='block_1_1' title="bbox 958 227 1267 268">
    <p class='ocr_par' dir='ltr' id='par_1_1' title="bbox 958 227 1267 268">
     <span class='ocr_line' id='line_1_1' title="bbox 958 227 1267 268; baseline 0 0"><span class='ocrx_word' id='word_1_1' title='bbox 958 227 1267 268; x_wconf 79' lang='lat'><strong>-172-</strong></span> 
     </span>
    </p>
   </div>
   <div class='ocr_carea' id='block_1_2' title="bbox 359 345 1921 2755">
    <p class='ocr_par' dir='ltr' id='par_1_2' title="bbox 359 345 1921 2120">
     <span class='ocr_line' id='line_1_2' title="bbox 364 345 1876 404; baseline 0.004 -18"><span class='ocrx_word' id='word_1_2' title='bbox 364 345 622 394; x_wconf 80' lang='lat' dir='ltr'>censebimus,</span> <span class='ocrx_word' id='word_1_3' title='bbox 652 346 771 398; x_wconf 89' lang='lat' dir='ltr'>idque</span> <span class='ocrx_word' id='word_1_4' title='bbox 801 345 977 387; x_wconf 89' lang='lat' dir='ltr'>animum</span> <span class='ocrx_word' id='word_1_5' title='bbox 1006 345 1241 387; x_wconf 84' lang='lat' dir='ltr'><strong>inducemus</strong></span> <span class='ocrx_word' id='word_1_6' title='bbox 1273 346 1517 387; x_wconf 84' lang='lat' dir='ltr'>commisisse</span> <span class='ocrx_word' id='word_1_7' title='bbox 1536 347 1778 401; x_wconf 80' lang='lat' dir='ltr'>Aeschylum,</span> <span class='ocrx_word' id='word_1_8' title='bbox 1809 351 1876 404; x_wconf 89' lang='lat' dir='ltr'>qui</span> 
     </span>
     <span class='ocr_line' id='line_1_3' title="bbox 364 415 1876 469; baseline 0.003 -13"><span class='ocrx_word' id='word_1_9' title='bbox 364 429 450 456; x_wconf 92' lang='lat' dir='ltr'>cum</span> <span class='ocrx_word' id='word_1_10' title='bbox 483 415 568 468; x_wconf 88' lang='lat' dir='ltr'>ipse</span> <span class='ocrx_word' id='word_1_11' title='bbox 599 419 706 455; x_wconf 86' lang='lat' dir='ltr'>actor</span> <span class='ocrx_word' id='word_1_12' title='bbox 734 415 777 455; x_wconf 90' lang='lat' dir='ltr'>in</span> <span class='ocrx_word' id='word_1_13' title='bbox 817 428 1002 455; x_wconf 83' lang='lat' dir='ltr'>scaenam</span> <span class='ocrx_word' id='word_1_14' title='bbox 1031 415 1219 469; x_wconf 88' lang='lat' dir='ltr'>prodiret,</span> <span class='ocrx_word' id='word_1_15' title='bbox 1252 420 1444 468; x_wconf 89' lang='lat' dir='ltr'>quantum</span> <span class='ocrx_word' id='word_1_16' title='bbox 1480 417 1556 457; x_wconf 90' lang='lat' dir='ltr'>hoc</span> <span class='ocrx_word' id='word_1_17' title='bbox 1591 417 1755 466; x_wconf 86' lang='lat' dir='ltr'>valeret,</span> <span class='ocrx_word' id='word_1_18' title='bbox 1791 432 1876 460; x_wconf 88' lang='lat' dir='ltr'>non</span> 
     </span>
     <span class='ocr_line' id='line_1_4' title="bbox 362 483 1875 537; baseline 0.003 -13"><span class='ocrx_word' id='word_1_19' title='bbox 362 489 516 537; x_wconf 82' lang='lat' dir='ltr'>poterat</span> <span class='ocrx_word' id='word_1_20' title='bbox 553 483 771 536; x_wconf 73' lang='lat' dir='ltr'>ignorare?</span> <span class='ocrx_word' id='word_1_21' title='bbox 814 485 941 526; x_wconf 91' lang='lat' dir='ltr'>Immo</span> <span class='ocrx_word' id='word_1_22' title='bbox 981 490 1024 525; x_wconf 90' lang='lat' dir='ltr'>ut</span> <span class='ocrx_word' id='word_1_23' title='bbox 1069 484 1116 525; x_wconf 91' lang='lat' dir='ltr'>ad</span> <span class='ocrx_word' id='word_1_24' title='bbox 1151 484 1377 525; x_wconf 87' lang='lat' dir='ltr'>Promethei</span> <span class='ocrx_word' id='word_1_25' title='bbox 1422 498 1551 526; x_wconf 89' lang='lat' dir='ltr'>mores</span> <span class='ocrx_word' id='word_1_26' title='bbox 1597 486 1875 529; x_wconf 83' lang='lat' dir='ltr'>describendos</span> 
     </span>
     <span class='ocr_line' id='line_1_5' title="bbox 363 553 1877 607; baseline 0.003 -14"><span class='ocrx_word' id='word_1_27' title='bbox 363 554 608 607; x_wconf 89' lang='lat' dir='ltr'>aptissimum</span> <span class='ocrx_word' id='word_1_28' title='bbox 639 559 715 603; x_wconf 89' lang='lat' dir='ltr'>est,</span> <span class='ocrx_word' id='word_1_29' title='bbox 754 553 859 606; x_wconf 93' lang='lat' dir='ltr'>quod</span> <span class='ocrx_word' id='word_1_30' title='bbox 888 553 930 593; x_wconf 91' lang='lat' dir='ltr'>in</span> <span class='ocrx_word' id='word_1_31' title='bbox 966 553 1040 593; x_wconf 87' lang='lat' dir='ltr'>hac</span> <span class='ocrx_word' id='word_1_32' title='bbox 1078 553 1204 606; x_wconf 85' lang='lat' dir='ltr'>prima</span> <span class='ocrx_word' id='word_1_33' title='bbox 1246 566 1405 603; x_wconf 84' lang='lat' dir='ltr'>scaena,</span> <span class='ocrx_word' id='word_1_34' title='bbox 1443 554 1538 595; x_wconf 90' lang='lat' dir='ltr'>dum</span> <span class='ocrx_word' id='word_1_35' title='bbox 1567 555 1633 595; x_wconf 92' lang='lat' dir='ltr'>Vis</span> <span class='ocrx_word' id='word_1_36' title='bbox 1673 562 1712 596; x_wconf 91' lang='lat' dir='ltr'>et</span> <span class='ocrx_word' id='word_1_37' title='bbox 1741 556 1877 598; x_wconf 86' lang='lat' dir='ltr'><strong>Robur</strong></span> 
     </span>
     <span class='ocr_line' id='line_1_6' title="bbox 363 622 1921 676; baseline 0.002 -13"><span class='ocrx_word' id='word_1_38' title='bbox 363 623 520 672; x_wconf 83' lang='lat' dir='ltr'>adsunt,</span> <span class='ocrx_word' id='word_1_39' title='bbox 553 623 738 664; x_wconf 85' lang='lat' dir='ltr'>silentem</span> <span class='ocrx_word' id='word_1_40' title='bbox 769 635 857 663; x_wconf 92' lang='lat' dir='ltr'>eum</span> <span class='ocrx_word' id='word_1_41' title='bbox 891 622 983 662; x_wconf 88' lang='lat' dir='ltr'>fecit</span> <span class='ocrx_word' id='word_1_42' title='bbox 1012 623 1240 675; x_wconf 83' lang='lat' dir='ltr'>Aeschylus,</span> <span class='ocrx_word' id='word_1_43' title='bbox 1270 623 1322 663; x_wconf 89' lang='lat' dir='ltr'>ita</span> <span class='ocrx_word' id='word_1_44' title='bbox 1353 623 1504 676; x_wconf 86' lang='lat' dir='ltr'>egregie</span> <span class='ocrx_word' id='word_1_45' title='bbox 1541 625 1679 665; x_wconf 91' lang='lat' dir='ltr'>eadem</span> <span class='ocrx_word' id='word_1_46' title='bbox 1717 626 1877 666; x_wconf 84' lang='lat' dir='ltr'>consul·</span> <span class='ocrx_word' id='word_1_47' title='bbox 1918 669 1921 673; x_wconf 62' lang='grc'><em>,</em></span> 
     </span>
     <span class='ocr_line' id='line_1_7' title="bbox 361 692 1878 747; baseline 0.001 -14"><span class='ocrx_word' id='word_1_48' title='bbox 361 698 447 733; x_wconf 88' lang='lat' dir='ltr'>tum</span> <span class='ocrx_word' id='word_1_49' title='bbox 478 698 536 733; x_wconf 91' lang='lat' dir='ltr'>est</span> <span class='ocrx_word' id='word_1_50' title='bbox 566 693 700 740; x_wconf 91' lang='lat' dir='ltr'>actori,</span> <span class='ocrx_word' id='word_1_51' title='bbox 731 692 877 745; x_wconf 88' lang='lat' dir='ltr'>quippe</span> <span class='ocrx_word' id='word_1_52' title='bbox 907 692 971 732; x_wconf 89' lang='lat' dir='ltr'>cui</span> <span class='ocrx_word' id='word_1_53' title='bbox 1001 692 1182 732; x_wconf 85' lang='lat' dir='ltr'>eximiam</span> <span class='ocrx_word' id='word_1_54' title='bbox 1215 692 1388 732; x_wconf 86' lang='lat' dir='ltr'>attulerit</span> <span class='ocrx_word' id='word_1_55' title='bbox 1418 705 1598 733; x_wconf 90' lang='lat' dir='ltr'>summae</span> <span class='ocrx_word' id='word_1_56' title='bbox 1627 693 1668 733; x_wconf 93' lang='lat' dir='ltr'>in</span> <span class='ocrx_word' id='word_1_57' title='bbox 1697 694 1783 747; x_wconf 89' lang='lat' dir='ltr'>ipso</span> <span class='ocrx_word' id='word_1_58' title='bbox 1812 694 1878 734; x_wconf 87' lang='lat' dir='ltr'>in-</span> 
     </span>
     <span class='ocr_line' id='line_1_8' title="bbox 362 761 1877 815; baseline 0.001 -13"><span class='ocrx_word' id='word_1_59' title='bbox 362 775 474 803; x_wconf 90' lang='lat' dir='ltr'>cessu</span> <span class='ocrx_word' id='word_1_60' title='bbox 512 762 738 815; x_wconf 86' lang='lat' dir='ltr'>prodendae</span> <span class='ocrx_word' id='word_1_61' title='bbox 773 762 879 802; x_wconf 83' lang='lat' dir='ltr'>artis.</span> <span class='ocrx_word' id='word_1_62' title='bbox 947 761 996 801; x_wconf 90' lang='lat' dir='ltr'>Et</span> <span class='ocrx_word' id='word_1_63' title='bbox 1034 762 1212 814; x_wconf 86' lang='lat' dir='ltr'>profecto</span> <span class='ocrx_word' id='word_1_64' title='bbox 1242 762 1501 803; x_wconf 85' lang='lat' dir='ltr'>Athenienses</span> <span class='ocrx_word' id='word_1_65' title='bbox 1532 774 1665 803; x_wconf 90' lang='lat' dir='ltr'>nonne</span> <span class='ocrx_word' id='word_1_66' title='bbox 1694 767 1877 815; x_wconf 86' lang='lat' dir='ltr'>gravatu-</span> 
     </span>
     <span class='ocr_line' id='line_1_9' title="bbox 362 830 1874 883; baseline 0.001 -12"><span class='ocrx_word' id='word_1_67' title='bbox 362 843 428 871; x_wconf 89' lang='lat' dir='ltr'>ros</span> <span class='ocrx_word' id='word_1_68' title='bbox 460 831 580 871; x_wconf 85' lang='lat' dir='ltr'>fuisse</span> <span class='ocrx_word' id='word_1_69' title='bbox 612 836 925 871; x_wconf 88' lang='lat' dir='ltr'>consentaneum</span> <span class='ocrx_word' id='word_1_70' title='bbox 956 836 1026 879; x_wconf 90' lang='lat' dir='ltr'>est,</span> <span class='ocrx_word' id='word_1_71' title='bbox 1060 831 1092 870; x_wconf 91' lang='lat' dir='ltr'>si</span> <span class='ocrx_word' id='word_1_72' title='bbox 1121 842 1191 883; x_wconf 87' lang='lat' dir='ltr'>pro</span> <span class='ocrx_word' id='word_1_73' title='bbox 1221 830 1469 879; x_wconf 89' lang='lat' dir='ltr'>Prometheo,</span> <span class='ocrx_word' id='word_1_74' title='bbox 1501 831 1573 871; x_wconf 91' lang='lat' dir='ltr'>deo</span> <span class='ocrx_word' id='word_1_75' title='bbox 1605 832 1874 882; x_wconf 81' lang='lat' dir='ltr'>audacissimo,</span> 
     </span>
     <span class='ocr_line' id='line_1_10' title="bbox 362 899 1878 954; baseline 0.001 -14"><span class='ocrx_word' id='word_1_76' title='bbox 362 900 703 947; x_wconf 88' lang='lat' dir='ltr'>constantissimo,</span> <span class='ocrx_word' id='word_1_77' title='bbox 741 899 867 952; x_wconf 88' lang='lat' dir='ltr'>prima</span> <span class='ocrx_word' id='word_1_78' title='bbox 897 899 1028 940; x_wconf 89' lang='lat' dir='ltr'>statim</span> <span class='ocrx_word' id='word_1_79' title='bbox 1058 911 1197 940; x_wconf 86' lang='lat' dir='ltr'>scaena</span> <span class='ocrx_word' id='word_1_80' title='bbox 1228 900 1529 952; x_wconf 85' lang='lat' dir='ltr'>conspexissent</span> <span class='ocrx_word' id='word_1_81' title='bbox 1556 901 1692 953; x_wconf 85' lang='lat' dir='ltr'>fragile</span> <span class='ocrx_word' id='word_1_82' title='bbox 1721 901 1878 954; x_wconf 83' lang='lat' dir='ltr'>aliquod</span> 
     </span>
     <span class='ocr_line' id='line_1_11' title="bbox 362 969 1877 1023; baseline 0.001 -14"><span class='ocrx_word' id='word_1_83' title='bbox 362 969 615 1009; x_wconf 84' lang='lat' dir='ltr'>simulacrum</span> <span class='ocrx_word' id='word_1_84' title='bbox 653 969 855 1010; x_wconf 87' lang='lat' dir='ltr'>machinae</span> <span class='ocrx_word' id='word_1_85' title='bbox 891 969 1091 1010; x_wconf 90' lang='lat' dir='ltr'>cuiusdam</span> <span class='ocrx_word' id='word_1_86' title='bbox 1127 969 1352 1009; x_wconf 88' lang='lat' dir='ltr'>adiumento</span> <span class='ocrx_word' id='word_1_87' title='bbox 1383 969 1594 1009; x_wconf 88' lang='lat' dir='ltr'>adductum</span> <span class='ocrx_word' id='word_1_88' title='bbox 1623 969 1877 1023; x_wconf 88' lang='lat' dir='ltr'>hominisque</span> 
     </span>
     <span class='ocr_line' id='line_1_12' title="bbox 361 1037 1877 1091; baseline 0.001 -13"><span class='ocrx_word' id='word_1_89' title='bbox 361 1039 420 1078; x_wconf 86' lang='lat' dir='ltr'>vel</span> <span class='ocrx_word' id='word_1_90' title='bbox 451 1039 582 1091; x_wconf 90' lang='lat' dir='ltr'>potius</span> <span class='ocrx_word' id='word_1_91' title='bbox 613 1039 676 1079; x_wconf 88' lang='lat' dir='ltr'>dei</span> <span class='ocrx_word' id='word_1_92' title='bbox 705 1039 899 1079; x_wconf 91' lang='lat' dir='ltr'>incessum</span> <span class='ocrx_word' id='word_1_93' title='bbox 939 1038 1082 1078; x_wconf 88' lang='lat' dir='ltr'>misere</span> <span class='ocrx_word' id='word_1_94' title='bbox 1121 1037 1407 1078; x_wconf 72' lang='lat' dir='ltr'>mentientem?</span> <span class='ocrx_word' id='word_1_95' title='bbox 1447 1039 1501 1079; x_wconf 87' lang='lat' dir='ltr'>Ac</span> <span class='ocrx_word' id='word_1_96' title='bbox 1537 1050 1588 1078; x_wconf 90' lang='lat' dir='ltr'>ne</span> <span class='ocrx_word' id='word_1_97' title='bbox 1623 1039 1712 1091; x_wconf 87' lang='lat' dir='ltr'>quis</span> <span class='ocrx_word' id='word_1_98' title='bbox 1747 1039 1877 1079; x_wconf 87' lang='lat' dir='ltr'>solum</span> 
     </span>
     <span class='ocr_line' id='line_1_13' title="bbox 362 1108 1877 1161; baseline -0.001 -13"><span class='ocrx_word' id='word_1_99' title='bbox 362 1121 522 1149; x_wconf 89' lang='lat' dir='ltr'>sensum</span> <span class='ocrx_word' id='word_1_100' title='bbox 554 1108 749 1161; x_wconf 89' lang='lat' dir='ltr'>quendam</span> <span class='ocrx_word' id='word_1_101' title='bbox 786 1120 922 1148; x_wconf 91' lang='lat' dir='ltr'>meum</span> <span class='ocrx_word' id='word_1_102' title='bbox 958 1108 999 1147; x_wconf 92' lang='lat' dir='ltr'>in</span> <span class='ocrx_word' id='word_1_103' title='bbox 1044 1108 1116 1148; x_wconf 88' lang='lat' dir='ltr'>hac</span> <span class='ocrx_word' id='word_1_104' title='bbox 1152 1119 1195 1148; x_wconf 88' lang='lat' dir='ltr'>re</span> <span class='ocrx_word' id='word_1_105' title='bbox 1233 1108 1434 1148; x_wconf 84' lang='lat' dir='ltr'>tractanda</span> <span class='ocrx_word' id='word_1_106' title='bbox 1472 1113 1651 1148; x_wconf 91' lang='lat' dir='ltr'>secutum</span> <span class='ocrx_word' id='word_1_107' title='bbox 1689 1120 1754 1148; x_wconf 88' lang='lat' dir='ltr'>me</span> <span class='ocrx_word' id='word_1_108' title='bbox 1790 1120 1877 1147; x_wconf 87' lang='lat' dir='ltr'>esse</span> 
     </span>
     <span class='ocr_line' id='line_1_14' title="bbox 363 1176 1868 1230; baseline 0.001 -14"><span class='ocrx_word' id='word_1_109' title='bbox 363 1178 560 1230; x_wconf 86' lang='lat' dir='ltr'>opinetur,</span> <span class='ocrx_word' id='word_1_110' title='bbox 593 1190 672 1230; x_wconf 92' lang='lat' dir='ltr'>quo</span> <span class='ocrx_word' id='word_1_111' title='bbox 704 1177 776 1218; x_wconf 89' lang='lat' dir='ltr'>niti</span> <span class='ocrx_word' id='word_1_112' title='bbox 807 1177 890 1217; x_wconf 82' lang='lat' dir='ltr'>fere</span> <span class='ocrx_word' id='word_1_113' title='bbox 921 1178 1089 1224; x_wconf 86' lang='lat' dir='ltr'>soleant,</span> <span class='ocrx_word' id='word_1_114' title='bbox 1123 1178 1190 1229; x_wconf 90' lang='lat' dir='ltr'>qui</span> <span class='ocrx_word' id='word_1_115' title='bbox 1220 1189 1240 1217; x_wconf 88' lang='lat' dir='ltr'>a</span> <span class='ocrx_word' id='word_1_116' title='bbox 1269 1181 1409 1217; x_wconf 89' lang='lat' dir='ltr'>natura</span> <span class='ocrx_word' id='word_1_117' title='bbox 1439 1176 1585 1229; x_wconf 91' lang='lat' dir='ltr'>aliquid</span> <span class='ocrx_word' id='word_1_118' title='bbox 1615 1176 1751 1218; x_wconf 86' lang='lat' dir='ltr'>abesse</span> <span class='ocrx_word' id='word_1_119' title='bbox 1780 1190 1868 1217; x_wconf 89' lang='lat' dir='ltr'>cen-</span> 
     </span>
     <span class='ocr_line' id='line_1_15' title="bbox 361 1245 1877 1298; baseline 0.001 -12"><span class='ocrx_word' id='word_1_120' title='bbox 361 1251 484 1294; x_wconf 87' lang='lat' dir='ltr'>seant,</span> <span class='ocrx_word' id='word_1_121' title='bbox 515 1259 640 1286; x_wconf 90' lang='lat' dir='ltr'>unum</span> <span class='ocrx_word' id='word_1_122' title='bbox 672 1246 735 1286; x_wconf 90' lang='lat' dir='ltr'>hic</span> <span class='ocrx_word' id='word_1_123' title='bbox 763 1247 868 1287; x_wconf 89' lang='lat' dir='ltr'>iuvat</span> <span class='ocrx_word' id='word_1_124' title='bbox 897 1246 1074 1287; x_wconf 87' lang='lat' dir='ltr'>attulisse</span> <span class='ocrx_word' id='word_1_125' title='bbox 1102 1246 1252 1294; x_wconf 92' lang='lat' dir='ltr'>locum,</span> <span class='ocrx_word' id='word_1_126' title='bbox 1289 1259 1335 1286; x_wconf 90' lang='lat' dir='ltr'>ex</span> <span class='ocrx_word' id='word_1_127' title='bbox 1371 1257 1449 1298; x_wconf 91' lang='lat' dir='ltr'>quo</span> <span class='ocrx_word' id='word_1_128' title='bbox 1479 1245 1686 1297; x_wconf 89' lang='lat' dir='ltr'>perspicue</span> <span class='ocrx_word' id='word_1_129' title='bbox 1720 1245 1877 1287; x_wconf 88' lang='lat' dir='ltr'>intelle-</span> 
     </span>
     <span class='ocr_line' id='line_1_16' title="bbox 360 1313 1874 1368; baseline 0 -13"><span class='ocrx_word' id='word_1_130' title='bbox 360 1316 484 1368; x_wconf 86' lang='lat' dir='ltr'>gitur,</span> <span class='ocrx_word' id='word_1_131' title='bbox 522 1316 724 1356; x_wconf 87' lang='lat' dir='ltr'>incessum</span> <span class='ocrx_word' id='word_1_132' title='bbox 754 1315 957 1356; x_wconf 88' lang='lat' dir='ltr'>histrionis</span> <span class='ocrx_word' id='word_1_133' title='bbox 987 1316 1029 1355; x_wconf 90' lang='lat' dir='ltr'>in</span> <span class='ocrx_word' id='word_1_134' title='bbox 1060 1315 1299 1368; x_wconf 86' lang='lat' dir='ltr'>gravioribus</span> <span class='ocrx_word' id='word_1_135' title='bbox 1331 1314 1424 1355; x_wconf 90' lang='lat' dir='ltr'>artis</span> <span class='ocrx_word' id='word_1_136' title='bbox 1454 1313 1655 1367; x_wconf 89' lang='lat' dir='ltr'>praesidiis</span> <span class='ocrx_word' id='word_1_137' title='bbox 1686 1327 1772 1355; x_wconf 88' lang='lat' dir='ltr'>esse</span> <span class='ocrx_word' id='word_1_138' title='bbox 1802 1316 1874 1356; x_wconf 86' lang='lat' dir='ltr'>ha·</span> 
     </span>
     <span class='ocr_line' id='line_1_17' title="bbox 359 1380 1880 1438; baseline 0.001 -13"><span class='ocrx_word' id='word_1_139' title='bbox 359 1385 486 1425; x_wconf 89' lang='lat' dir='ltr'>bitum</span> <span class='ocrx_word' id='word_1_140' title='bbox 524 1385 774 1425; x_wconf 89' lang='lat' dir='ltr'>Plutarch.</span> <span class='ocrx_word' id='word_1_141' title='bbox 815 1385 1021 1426; x_wconf 90' lang='lat' dir='ltr'>Demetr.</span> <span class='ocrx_word' id='word_1_142' title='bbox 1061 1398 1094 1424; x_wconf 90' lang='lat' dir='ltr'>c.</span> <span class='ocrx_word' id='word_1_143' title='bbox 1139 1384 1203 1425; x_wconf 81' lang='lat'>18.</span> <span class='ocrx_word' id='word_1_144' title='bbox 1272 1415 1281 1423; x_wconf 93' lang='lat'>.</span> <span class='ocrx_word' id='word_1_145' title='bbox 1323 1414 1331 1423; x_wconf 90' lang='lat'><strong>.</strong></span> <span class='ocrx_word' id='word_1_146' title='bbox 1371 1414 1380 1423; x_wconf 88' lang='lat'><strong>.</strong></span> <span class='ocrx_word' id='word_1_147' title='bbox 1422 1380 1630 1438; x_wconf 76' lang='grc' dir='ltr'>καθάπερ</span> <span class='ocrx_word' id='word_1_148' title='bbox 1666 1385 1880 1438; x_wconf 79' lang='grc' dir='ltr'><strong><em>τραγικῶν</em></strong></span> 
     </span>
     <span class='ocr_line' id='line_1_18' title="bbox 360 1449 1879 1512; baseline -0.001 -17"><span class='ocrx_word' id='word_1_149' title='bbox 360 1451 610 1509; x_wconf 76' lang='grc' dir='ltr'><em>ὑποκριτῶν</em></span> <span class='ocrx_word' id='word_1_150' title='bbox 639 1451 731 1508; x_wconf 79' lang='grc' dir='ltr'>ἅμα</span> <span class='ocrx_word' id='word_1_151' title='bbox 759 1455 814 1512; x_wconf 79' lang='grc' dir='ltr'>τῇ</span> <span class='ocrx_word' id='word_1_152' title='bbox 845 1454 975 1512; x_wconf 81' lang='grc' dir='ltr'><strong><em>σκευῇ</em></strong></span> <span class='ocrx_word' id='word_1_153' title='bbox 1005 1450 1368 1508; x_wconf 74' lang='grc' dir='ltr'><em>μεταβαλλόντων</em></span> <span class='ocrx_word' id='word_1_154' title='bbox 1397 1450 1471 1492; x_wconf 82' lang='grc' dir='ltr'>καὶ</span> <span class='ocrx_word' id='word_1_155' title='bbox 1503 1449 1772 1507; x_wconf 75' lang='grc' dir='ltr'><strong><em>βάδισμα,</em></strong></span> <span class='ocrx_word' id='word_1_156' title='bbox 1803 1450 1879 1493; x_wconf 80' lang='grc' dir='ltr'>καὶ</span> 
     </span>
     <span class='ocr_line' id='line_1_19' title="bbox 361 1519 1879 1578; baseline -0.003 -13"><span class='ocrx_word' id='word_1_157' title='bbox 361 1519 529 1578; x_wconf 75' lang='grc' dir='ltr'><em>φωνήν,</em></span> <span class='ocrx_word' id='word_1_158' title='bbox 560 1522 634 1562; x_wconf 80' lang='grc' dir='ltr'>καὶ</span> <span class='ocrx_word' id='word_1_159' title='bbox 666 1521 923 1563; x_wconf 78' lang='grc' dir='ltr'><em>κατάκλισιν</em></span> <span class='ocrx_word' id='word_1_160' title='bbox 952 1522 1026 1563; x_wconf 83' lang='grc' dir='ltr'>καὶ</span> <span class='ocrx_word' id='word_1_161' title='bbox 1056 1519 1464 1576; x_wconf 63' lang='grc' dir='ltr'>προσαγόρευσινῑ).</span> <span class='ocrx_word' id='word_1_162' title='bbox 1525 1522 1660 1575; x_wconf 89' lang='lat' dir='ltr'>Neque</span> <span class='ocrx_word' id='word_1_163' title='bbox 1679 1535 1771 1562; x_wconf 88' lang='lat' dir='ltr'>vero</span> <span class='ocrx_word' id='word_1_164' title='bbox 1793 1534 1879 1561; x_wconf 87' lang='lat' dir='ltr'>ma-</span> 
     </span>
     <span class='ocr_line' id='line_1_20' title="bbox 361 1591 1880 1646; baseline -0.001 -13"><span class='ocrx_word' id='word_1_165' title='bbox 361 1594 417 1646; x_wconf 87' lang='lat' dir='ltr'>gis</span> <span class='ocrx_word' id='word_1_166' title='bbox 449 1593 614 1634; x_wconf 91' lang='lat' dir='ltr'>eandem</span> <span class='ocrx_word' id='word_1_167' title='bbox 645 1592 694 1632; x_wconf 94' lang='lat' dir='ltr'>ob</span> <span class='ocrx_word' id='word_1_168' title='bbox 727 1605 885 1633; x_wconf 90' lang='lat' dir='ltr'>causam</span> <span class='ocrx_word' id='word_1_169' title='bbox 927 1605 1016 1632; x_wconf 88' lang='lat' dir='ltr'>cum</span> <span class='ocrx_word' id='word_1_170' title='bbox 1054 1592 1101 1632; x_wconf 91' lang='lat' dir='ltr'>iis</span> <span class='ocrx_word' id='word_1_171' title='bbox 1140 1604 1304 1644; x_wconf 87' lang='lat' dir='ltr'>possum</span> <span class='ocrx_word' id='word_1_172' title='bbox 1343 1591 1512 1640; x_wconf 87' lang='lat' dir='ltr'>sentire,</span> <span class='ocrx_word' id='word_1_173' title='bbox 1548 1592 1583 1632; x_wconf 89' lang='lat' dir='ltr'>si</span> <span class='ocrx_word' id='word_1_174' title='bbox 1621 1591 1689 1644; x_wconf 92' lang='lat' dir='ltr'>qui</span> <span class='ocrx_word' id='word_1_175' title='bbox 1726 1591 1769 1632; x_wconf 85' lang='lat' dir='ltr'>in</span> <span class='ocrx_word' id='word_1_176' title='bbox 1805 1591 1880 1632; x_wconf 87' lang='lat' dir='ltr'>hoc</span> 
     </span>
     <span class='ocr_line' id='line_1_21' title="bbox 360 1660 1878 1717; baseline -0.003 -13"><span class='ocrx_word' id='word_1_177' title='bbox 360 1665 488 1717; x_wconf 88' lang='lat' dir='ltr'>prima</span> <span class='ocrx_word' id='word_1_178' title='bbox 523 1675 663 1703; x_wconf 87' lang='lat' dir='ltr'>scaena</span> <span class='ocrx_word' id='word_1_179' title='bbox 701 1672 784 1702; x_wconf 89' lang='lat' dir='ltr'>non</span> <span class='ocrx_word' id='word_1_180' title='bbox 830 1661 1025 1709; x_wconf 88' lang='lat' dir='ltr'>eundem,</span> <span class='ocrx_word' id='word_1_181' title='bbox 1072 1661 1137 1713; x_wconf 92' lang='lat' dir='ltr'>qui</span> <span class='ocrx_word' id='word_1_182' title='bbox 1183 1666 1338 1714; x_wconf 90' lang='lat' dir='ltr'>postea,</span> <span class='ocrx_word' id='word_1_183' title='bbox 1382 1661 1618 1702; x_wconf 83' lang='lat' dir='ltr'>histrionem</span> <span class='ocrx_word' id='word_1_184' title='bbox 1654 1660 1878 1701; x_wconf 85' lang='lat' dir='ltr'>Promethei</span> 
     </span>
     <span class='ocr_line' id='line_1_22' title="bbox 360 1730 1878 1786; baseline -0.002 -13"><span class='ocrx_word' id='word_1_185' title='bbox 360 1738 491 1786; x_wconf 86' lang='lat' dir='ltr'>partes</span> <span class='ocrx_word' id='word_1_186' title='bbox 523 1732 649 1784; x_wconf 83' lang='lat' dir='ltr'>egisse</span> <span class='ocrx_word' id='word_1_187' title='bbox 679 1735 867 1776; x_wconf 87' lang='lat' dir='ltr'>statuant,</span> <span class='ocrx_word' id='word_1_188' title='bbox 899 1730 968 1770; x_wconf 91' lang='lat' dir='ltr'>sed</span> <span class='ocrx_word' id='word_1_189' title='bbox 999 1731 1170 1783; x_wconf 87' lang='lat' dir='ltr'>aliquem</span> <span class='ocrx_word' id='word_1_190' title='bbox 1201 1730 1248 1770; x_wconf 91' lang='lat' dir='ltr'>de</span> <span class='ocrx_word' id='word_1_191' title='bbox 1279 1742 1417 1770; x_wconf 88' lang='lat' dir='ltr'>eorum</span> <span class='ocrx_word' id='word_1_192' title='bbox 1448 1742 1632 1777; x_wconf 89' lang='lat' dir='ltr'>numero,</span> <span class='ocrx_word' id='word_1_193' title='bbox 1674 1730 1742 1782; x_wconf 91' lang='lat' dir='ltr'>qui</span> <span class='ocrx_word' id='word_1_194' title='bbox 1778 1730 1878 1770; x_wconf 88' lang='lat' dir='ltr'>muti</span> 
     </span>
     <span class='ocr_line' id='line_1_23' title="bbox 361 1798 1877 1854; baseline -0.001 -12"><span class='ocrx_word' id='word_1_195' title='bbox 361 1807 453 1842; x_wconf 90' lang='lat' dir='ltr'>sunt</span> <span class='ocrx_word' id='word_1_196' title='bbox 486 1799 607 1850; x_wconf 73' lang='grc' dir='ltr'>(κενοὶ</span> <span class='ocrx_word' id='word_1_197' title='bbox 635 1798 889 1854; x_wconf 82' lang='grc' dir='ltr'><em>πρόσωπα).</em></span> <span class='ocrx_word' id='word_1_198' title='bbox 952 1799 1049 1839; x_wconf 91' lang='lat' dir='ltr'>Nam</span> <span class='ocrx_word' id='word_1_199' title='bbox 1090 1799 1245 1839; x_wconf 87' lang='lat' dir='ltr'>etiamsi</span> <span class='ocrx_word' id='word_1_200' title='bbox 1276 1799 1373 1839; x_wconf 91' lang='lat' dir='ltr'>nihil</span> <span class='ocrx_word' id='word_1_201' title='bbox 1402 1799 1576 1851; x_wconf 87' lang='lat' dir='ltr'>loquitur</span> <span class='ocrx_word' id='word_1_202' title='bbox 1605 1799 1877 1847; x_wconf 85' lang='lat' dir='ltr'>Prometheus,</span> 
     </span>
     <span class='ocr_line' id='line_1_24' title="bbox 361 1868 1878 1923; baseline -0.002 -12"><span class='ocrx_word' id='word_1_203' title='bbox 361 1878 492 1911; x_wconf 86' lang='lat' dir='ltr'>tamen</span> <span class='ocrx_word' id='word_1_204' title='bbox 523 1883 605 1910; x_wconf 90' lang='lat' dir='ltr'>non</span> <span class='ocrx_word' id='word_1_205' title='bbox 635 1869 833 1923; x_wconf 87' lang='lat' dir='ltr'>putandus</span> <span class='ocrx_word' id='word_1_206' title='bbox 873 1874 934 1908; x_wconf 90' lang='lat' dir='ltr'>est</span> <span class='ocrx_word' id='word_1_207' title='bbox 972 1868 1070 1908; x_wconf 90' lang='lat' dir='ltr'>nihil</span> <span class='ocrx_word' id='word_1_208' title='bbox 1108 1880 1244 1920; x_wconf 87' lang='lat' dir='ltr'>agere,</span> <span class='ocrx_word' id='word_1_209' title='bbox 1289 1869 1359 1908; x_wconf 88' lang='lat' dir='ltr'>sed</span> <span class='ocrx_word' id='word_1_210' title='bbox 1404 1880 1561 1908; x_wconf 89' lang='lat' dir='ltr'>summa</span> <span class='ocrx_word' id='word_1_211' title='bbox 1607 1868 1738 1921; x_wconf 87' lang='lat' dir='ltr'>potius</span> <span class='ocrx_word' id='word_1_212' title='bbox 1780 1879 1878 1920; x_wconf 89' lang='lat' dir='ltr'>opus</span> 
     </span>
     <span class='ocr_line' id='line_1_25' title="bbox 363 1937 1879 1990; baseline -0.003 -9"><span class='ocrx_word' id='word_1_213' title='bbox 363 1947 444 1981; x_wconf 86' lang='lat' dir='ltr'>erat</span> <span class='ocrx_word' id='word_1_214' title='bbox 473 1940 616 1980; x_wconf 84' lang='lat' dir='ltr'>actoris</span> <span class='ocrx_word' id='word_1_215' title='bbox 647 1944 748 1988; x_wconf 90' lang='lat' dir='ltr'>arte,</span> <span class='ocrx_word' id='word_1_216' title='bbox 787 1943 832 1978; x_wconf 87' lang='lat' dir='ltr'>ut</span> <span class='ocrx_word' id='word_1_217' title='bbox 861 1938 944 1978; x_wconf 92' lang='lat' dir='ltr'>solo</span> <span class='ocrx_word' id='word_1_218' title='bbox 977 1937 1154 1990; x_wconf 90' lang='lat' dir='ltr'>corporis</span> <span class='ocrx_word' id='word_1_219' title='bbox 1194 1937 1351 1986; x_wconf 89' lang='lat' dir='ltr'>habitu,</span> <span class='ocrx_word' id='word_1_220' title='bbox 1390 1938 1570 1986; x_wconf 91' lang='lat' dir='ltr'>incessu,</span> <span class='ocrx_word' id='word_1_221' title='bbox 1610 1942 1724 1990; x_wconf 89' lang='lat' dir='ltr'>gestu</span> <span class='ocrx_word' id='word_1_222' title='bbox 1761 1937 1879 1977; x_wconf 78' lang='lat' dir='ltr'>talem</span> 
     </span>
     <span class='ocr_line' id='line_1_26' title="bbox 361 2001 1880 2061; baseline -0.003 -11"><span class='ocrx_word' id='word_1_223' title='bbox 361 2001 404 2050; x_wconf 82' lang='lat' dir='ltr'>se</span> <span class='ocrx_word' id='word_1_224' title='bbox 449 2014 708 2056; x_wconf 87' lang='lat' dir='ltr'>monstraret,</span> <span class='ocrx_word' id='word_1_225' title='bbox 755 2007 911 2061; x_wconf 90' lang='lat' dir='ltr'>qualem</span> <span class='ocrx_word' id='word_1_226' title='bbox 956 2019 1048 2047; x_wconf 89' lang='lat' dir='ltr'>eum</span> <span class='ocrx_word' id='word_1_227' title='bbox 1092 2019 1163 2059; x_wconf 90' lang='lat' dir='ltr'>per</span> <span class='ocrx_word' id='word_1_228' title='bbox 1206 2011 1328 2047; x_wconf 87' lang='lat' dir='ltr'>totam</span> <span class='ocrx_word' id='word_1_229' title='bbox 1373 2007 1614 2059; x_wconf 85' lang='lat' dir='ltr'>tragoediam</span> <span class='ocrx_word' id='word_1_230' title='bbox 1658 2011 1772 2060; x_wconf 89' lang='lat' dir='ltr'>poeta</span> <span class='ocrx_word' id='word_1_231' title='bbox 1810 2019 1880 2046; x_wconf 86' lang='lat' dir='ltr'>vo-</span> 
     </span>
     <span class='ocr_line' id='line_1_27' title="bbox 361 2079 513 2120; baseline -0.007 0"><span class='ocrx_word' id='word_1_232' title='bbox 361 2079 513 2120; x_wconf 88' lang='lat' dir='ltr'>luisset.</span> 
     </span>
    </p>

    <p class='ocr_par' dir='ltr' id='par_1_3' title="bbox 361 2144 1882 2755">
     <span class='ocr_line' id='line_1_28' title="bbox 473 2144 1879 2198; baseline -0.003 -10"><span class='ocrx_word' id='word_1_233' title='bbox 473 2147 704 2188; x_wconf 85' lang='lat' dir='ltr'>Transimus</span> <span class='ocrx_word' id='word_1_234' title='bbox 736 2147 781 2187; x_wconf 90' lang='lat' dir='ltr'>ad</span> <span class='ocrx_word' id='word_1_235' title='bbox 813 2159 950 2187; x_wconf 90' lang='lat' dir='ltr'>eorum</span> <span class='ocrx_word' id='word_1_236' title='bbox 980 2145 1208 2198; x_wconf 89' lang='lat' dir='ltr'>opinionem</span> <span class='ocrx_word' id='word_1_237' title='bbox 1243 2144 1541 2193; x_wconf 90' lang='lat' dir='ltr'>diiudicandam‚</span> <span class='ocrx_word' id='word_1_238' title='bbox 1573 2145 1638 2198; x_wconf 92' lang='lat' dir='ltr'>qui</span> <span class='ocrx_word' id='word_1_239' title='bbox 1671 2157 1760 2186; x_wconf 90' lang='lat' dir='ltr'>cum</span> <span class='ocrx_word' id='word_1_240' title='bbox 1781 2157 1879 2198; x_wconf 88' lang='lat' dir='ltr'>pro—</span> 
     </span>
     <span class='ocr_line' id='line_1_29' title="bbox 361 2214 1882 2270; baseline -0.003 -13"><span class='ocrx_word' id='word_1_241' title='bbox 361 2223 448 2270; x_wconf 92' lang='lat' dir='ltr'>pter</span> <span class='ocrx_word' id='word_1_242' title='bbox 477 2222 651 2269; x_wconf 85' lang='lat' dir='ltr'>tempus,</span> <span class='ocrx_word' id='word_1_243' title='bbox 683 2229 760 2269; x_wconf 91' lang='lat' dir='ltr'>quo</span> <span class='ocrx_word' id='word_1_244' title='bbox 789 2217 893 2256; x_wconf 89' lang='lat' dir='ltr'>hanc</span> <span class='ocrx_word' id='word_1_245' title='bbox 920 2215 1094 2256; x_wconf 87' lang='lat' dir='ltr'>fabulam</span> <span class='ocrx_word' id='word_1_246' title='bbox 1126 2215 1279 2254; x_wconf 89' lang='lat' dir='ltr'>doctam</span> <span class='ocrx_word' id='word_1_247' title='bbox 1310 2227 1395 2254; x_wconf 90' lang='lat' dir='ltr'>esse</span> <span class='ocrx_word' id='word_1_248' title='bbox 1424 2215 1590 2266; x_wconf 85' lang='lat' dir='ltr'>fingunt,</span> <span class='ocrx_word' id='word_1_249' title='bbox 1619 2226 1702 2255; x_wconf 93' lang='lat' dir='ltr'>non</span> <span class='ocrx_word' id='word_1_250' title='bbox 1730 2214 1882 2266; x_wconf 84' lang='lat' dir='ltr'>possint</span> 
     </span>
     <span class='ocr_line' id='line_1_30' title="bbox 363 2282 1878 2336; baseline -0.002 -10"><span class='ocrx_word' id='word_1_251' title='bbox 363 2286 596 2333; x_wconf 87' lang='lat' dir='ltr'>concedere,</span> <span class='ocrx_word' id='word_1_252' title='bbox 629 2290 708 2326; x_wconf 86' lang='lat' dir='ltr'>tres</span> <span class='ocrx_word' id='word_1_253' title='bbox 740 2285 784 2326; x_wconf 90' lang='lat' dir='ltr'>ad</span> <span class='ocrx_word' id='word_1_254' title='bbox 816 2298 901 2325; x_wconf 87' lang='lat' dir='ltr'>eam</span> <span class='ocrx_word' id='word_1_255' title='bbox 934 2285 1123 2336; x_wconf 83' lang='lat' dir='ltr'>agendam</span> <span class='ocrx_word' id='word_1_256' title='bbox 1164 2285 1275 2324; x_wconf 87' lang='lat' dir='ltr'>datos</span> <span class='ocrx_word' id='word_1_257' title='bbox 1314 2295 1398 2323; x_wconf 89' lang='lat' dir='ltr'>esse</span> <span class='ocrx_word' id='word_1_258' title='bbox 1436 2288 1608 2331; x_wconf 89' lang='lat' dir='ltr'>actores,</span> <span class='ocrx_word' id='word_1_259' title='bbox 1648 2282 1696 2323; x_wconf 88' lang='lat' dir='ltr'>ad</span> <span class='ocrx_word' id='word_1_260' title='bbox 1734 2295 1878 2334; x_wconf 87' lang='lat' dir='ltr'>para-</span> 
     </span>
     <span class='ocr_line' id='line_1_31' title="bbox 362 2350 1878 2407; baseline -0.003 -11"><span class='ocrx_word' id='word_1_261' title='bbox 362 2355 734 2407; x_wconf 85' lang='lat' dir='ltr'>choregematis</span> <span class='ocrx_word' id='word_1_262' title='bbox 780 2355 964 2394; x_wconf 84' lang='lat' dir='ltr'>auxilium</span> <span class='ocrx_word' id='word_1_263' title='bbox 1011 2353 1255 2404; x_wconf 84' lang='lat' dir='ltr'>confugiunt.</span> <span class='ocrx_word' id='word_1_264' title='bbox 1330 2352 1384 2391; x_wconf 92' lang='lat' dir='ltr'>De</span> <span class='ocrx_word' id='word_1_265' title='bbox 1426 2364 1501 2404; x_wconf 85' lang='lat' dir='ltr'>qua</span> <span class='ocrx_word' id='word_1_266' title='bbox 1556 2365 1599 2391; x_wconf 90' lang='lat' dir='ltr'>re</span> <span class='ocrx_word' id='word_1_267' title='bbox 1648 2350 1878 2404; x_wconf 89' lang='lat' dir='ltr'>priusquam</span> 
     </span>
     <span class='ocr_line' id='line_1_32' title="bbox 365 2421 1879 2478; baseline -0.004 -13"><span class='ocrx_word' id='word_1_268' title='bbox 365 2425 588 2478; x_wconf 86' lang='lat' dir='ltr'>singillatim</span> <span class='ocrx_word' id='word_1_269' title='bbox 630 2425 900 2477; x_wconf 89' lang='lat' dir='ltr'>disputemus,</span> <span class='ocrx_word' id='word_1_270' title='bbox 939 2436 1062 2476; x_wconf 89' lang='lat' dir='ltr'>pauca</span> <span class='ocrx_word' id='word_1_271' title='bbox 1101 2422 1388 2476; x_wconf 88' lang='lat' dir='ltr'>praemittenda</span> <span class='ocrx_word' id='word_1_272' title='bbox 1426 2425 1520 2461; x_wconf 89' lang='lat' dir='ltr'>sunt</span> <span class='ocrx_word' id='word_1_273' title='bbox 1557 2421 1604 2460; x_wconf 91' lang='lat' dir='ltr'>de</span> <span class='ocrx_word' id='word_1_274' title='bbox 1641 2421 1724 2474; x_wconf 86' lang='lat' dir='ltr'>ipsa</span> <span class='ocrx_word' id='word_1_275' title='bbox 1759 2432 1879 2473; x_wconf 87' lang='lat' dir='ltr'>para-</span> 
     </span>
     <span class='ocr_line' id='line_1_33' title="bbox 364 2489 1878 2546; baseline -0.004 -12"><span class='ocrx_word' id='word_1_276' title='bbox 364 2495 685 2546; x_wconf 90' lang='lat' dir='ltr'>choregematum</span> <span class='ocrx_word' id='word_1_277' title='bbox 724 2493 761 2532; x_wconf 91' lang='lat' dir='ltr'>vi</span> <span class='ocrx_word' id='word_1_278' title='bbox 799 2497 917 2545; x_wconf 90' lang='lat' dir='ltr'>atque</span> <span class='ocrx_word' id='word_1_279' title='bbox 954 2497 1115 2540; x_wconf 89' lang='lat' dir='ltr'>natura,</span> <span class='ocrx_word' id='word_1_280' title='bbox 1153 2492 1199 2531; x_wconf 93' lang='lat' dir='ltr'>de</span> <span class='ocrx_word' id='word_1_281' title='bbox 1245 2503 1320 2543; x_wconf 91' lang='lat' dir='ltr'>qua</span> <span class='ocrx_word' id='word_1_282' title='bbox 1357 2490 1397 2530; x_wconf 89' lang='lat' dir='ltr'>in</span> <span class='ocrx_word' id='word_1_283' title='bbox 1436 2489 1718 2530; x_wconf 89' lang='lat' dir='ltr'>diversissimas</span> <span class='ocrx_word' id='word_1_284' title='bbox 1747 2492 1878 2541; x_wconf 87' lang='lat' dir='ltr'>partes</span> 
     </span>
     <span class='ocr_line' id='line_1_34' title="bbox 363 2557 1881 2612; baseline -0.004 -9"><span class='ocrx_word' id='word_1_285' title='bbox 363 2563 543 2603; x_wconf 89' lang='lat' dir='ltr'>abierunt</span> <span class='ocrx_word' id='word_1_286' title='bbox 574 2562 647 2602; x_wconf 90' lang='lat' dir='ltr'>viri</span> <span class='ocrx_word' id='word_1_287' title='bbox 686 2562 802 2602; x_wconf 88' lang='lat' dir='ltr'>docti.</span> <span class='ocrx_word' id='word_1_288' title='bbox 870 2560 941 2600; x_wconf 90' lang='lat' dir='ltr'>Est</span> <span class='ocrx_word' id='word_1_289' title='bbox 979 2566 1110 2601; x_wconf 90' lang='lat' dir='ltr'>autem</span> <span class='ocrx_word' id='word_1_290' title='bbox 1149 2560 1255 2600; x_wconf 89' lang='lat' dir='ltr'>solus</span> <span class='ocrx_word' id='word_1_291' title='bbox 1292 2560 1374 2600; x_wconf 89' lang='lat' dir='ltr'>fere</span> <span class='ocrx_word' id='word_1_292' title='bbox 1412 2560 1539 2608; x_wconf 88' lang='lat' dir='ltr'>locus,</span> <span class='ocrx_word' id='word_1_293' title='bbox 1577 2572 1655 2612; x_wconf 93' lang='lat' dir='ltr'>quo</span> <span class='ocrx_word' id='word_1_294' title='bbox 1695 2557 1791 2611; x_wconf 90' lang='lat' dir='ltr'>quid</span> <span class='ocrx_word' id='word_1_295' title='bbox 1829 2557 1881 2598; x_wconf 89' lang='lat' dir='ltr'>sit</span> 
     </span>
     <span class='ocr_line' id='line_1_35' title="bbox 364 2623 1880 2687; baseline -0.003 -15"><span class='ocrx_word' id='word_1_296' title='bbox 364 2629 713 2687; x_wconf 80' lang='grc' dir='ltr'>παραχορήγημα</span> <span class='ocrx_word' id='word_1_297' title='bbox 749 2630 962 2683; x_wconf 86' lang='lat' dir='ltr'>explicatur</span> <span class='ocrx_word' id='word_1_298' title='bbox 1001 2630 1184 2669; x_wconf 94' lang='lat' dir='ltr'>Polluc.</span> <span class='ocrx_word' id='word_1_299' title='bbox 1223 2628 1475 2669; x_wconf 89' lang='lat' dir='ltr'>Onomast.</span> <span class='ocrx_word' id='word_1_300' title='bbox 1513 2628 1574 2668; x_wconf 90' lang='lat' dir='ltr'>IV.</span> <span class='ocrx_word' id='word_1_301' title='bbox 1616 2628 1707 2668; x_wconf 89' lang='lat'>110.</span> <span class='ocrx_word' id='word_1_302' title='bbox 1743 2623 1880 2668; x_wconf 80' lang='grc' dir='ltr'><em>ὁπότε</em></span> 
     </span>
     <span class='ocr_line' id='line_1_36' title="bbox 364 2694 1880 2755; baseline -0.003 -15"><span class='ocrx_word' id='word_1_303' title='bbox 364 2700 444 2755; x_wconf 74' lang='grc' dir='ltr'>μὲν</span> <span class='ocrx_word' id='word_1_304' title='bbox 473 2697 570 2741; x_wconf 78' lang='grc' dir='ltr'>ἀντὶ</span> <span class='ocrx_word' id='word_1_305' title='bbox 603 2697 808 2754; x_wconf 77' lang='grc' dir='ltr'><em>τετάρτου</em></span> <span class='ocrx_word' id='word_1_306' title='bbox 841 2696 1078 2752; x_wconf 83' lang='grc' dir='ltr'><em>ὑποκριτοῦ</em></span> <span class='ocrx_word' id='word_1_307' title='bbox 1116 2697 1211 2739; x_wconf 80' lang='grc' dir='ltr'>δέοι</span> <span class='ocrx_word' id='word_1_308' title='bbox 1249 2694 1350 2738; x_wconf 81' lang='grc' dir='ltr'>τινὰ</span> <span class='ocrx_word' id='word_1_309' title='bbox 1376 2696 1461 2737; x_wconf 79' lang='grc' dir='ltr'>τῶν</span> <span class='ocrx_word' id='word_1_310' title='bbox 1490 2695 1703 2750; x_wconf 78' lang='grc' dir='ltr'>χορευτῶν</span> <span class='ocrx_word' id='word_1_311' title='bbox 1733 2694 1880 2736; x_wconf 80' lang='grc' dir='ltr'><em>εἶπεῖν</em></span> 
     </span>
    </p>
   </div>
   <div class='ocr_carea' id='block_1_3' title="bbox 361 2824 1880 2955">
    <p class='ocr_par' dir='ltr' id='par_1_4' title="bbox 361 2824 1880 2955">
     <span class='ocr_line' id='line_1_37' title="bbox 456 2824 1880 2895; baseline -0.001 -10"><span class='ocrx_word' id='word_1_312' title='bbox 456 2853 478 2893; x_wconf 88' lang='grc'>1)</span> <span class='ocrx_word' id='word_1_313' title='bbox 506 2851 553 2885; x_wconf 88' lang='lat' dir='ltr'>Cf.</span> <span class='ocrx_word' id='word_1_314' title='bbox 581 2852 750 2885; x_wconf 86' lang='lat' dir='ltr'>Lucian.</span> <span class='ocrx_word' id='word_1_315' title='bbox 781 2851 980 2885; x_wconf 80' lang='lat' dir='ltr'>Piscator</span> <span class='ocrx_word' id='word_1_316' title='bbox 1010 2862 1035 2883; x_wconf 91' lang='lat' dir='ltr'>c.</span> <span class='ocrx_word' id='word_1_317' title='bbox 1067 2850 1121 2884; x_wconf 86' lang='lat'>31.</span> <span class='ocrx_word' id='word_1_318' title='bbox 1152 2847 1245 2895; x_wconf 84' lang='grc' dir='ltr'><em>μήτε</em></span> <span class='ocrx_word' id='word_1_319' title='bbox 1273 2846 1478 2892; x_wconf 80' lang='grc' dir='ltr'><em>βαδίζων,</em></span> <span class='ocrx_word' id='word_1_320' title='bbox 1507 2841 1596 2893; x_wconf 85' lang='grc' dir='ltr'>μήτε</span> <span class='ocrx_word' id='word_1_321' title='bbox 1625 2824 1880 2893; x_wconf 71' lang='grc' dir='ltr'>φθεγγόμενος</span> 
     </span>
     <span class='ocr_line' id='line_1_38' title="bbox 361 2921 526 2955; baseline 0.012 -14"><span class='ocrx_word' id='word_1_322' title='bbox 361 2921 526 2955; x_wconf 67' lang='grc' dir='ltr'><em>ηῼωιχονι</em></span> 
     </span>
    </p>
   </div>
  </div>
 </body>
</html>
