2014 3204
871 219 1179 259 —210—

268 343 402 391 ceptus
433 338 554 378 solius
585 350 668 378 eam
700 337 900 378 scaenicae
930 337 1060 389 poesis
1091 337 1289 390 propriam
1330 343 1398 377 aut
1429 350 1517 377 cum
1550 351 1593 377 ea
1624 338 1784 378 demum

268 414 401 448 natam
433 420 517 447 csse
547 407 706 447 iudicet.
765 407 889 446 Immo
919 418 1011 446 vero
1042 406 1141 446 actio
1171 406 1234 446 illa
1266 419 1356 446 cum
1386 407 1470 459 ipsa
1501 405 1610 458 poesi
1639 407 1786 448 tribus-

270 489 346 528 que
379 476 476 522 eius,
508 488 606 528 quae
638 488 680 515 se
717 475 902 528 deinceps
933 480 1172 527 exceperunt
1201 475 1410 527 generibus
1439 475 1632 523 incohata,
1664 481 1787 524 aucta,

266 545 450 597 perfecta,
482 557 564 584 non
596 545 727 584 minus
759 545 799 584 in
830 545 950 597 epicis
983 551 1021 585 et
1050 545 1177 597 lyricis
1209 545 1446 585 carminibus
1486 545 1787 597 interpretandis

268 621 459 663 versatur,
491 627 608 667 quam
640 614 681 654 in
714 613 914 654 scaenicis.

379 684 500 737 quue
531 689 636 724 recte
668 683 741 723 dici
772 683 831 723 vel
860 696 906 723 ex
937 696 983 723 eo
1015 683 1278 736 intellegitur,
1325 684 1428 736 quod
1473 680 1786 737 ὑπόκρισις,

267 766 367 805 quae
398 753 503 793 idem
536 753 728 804 significat
759 752 863 805 quod
895 753 1052 801 actio,
1084 766 1166 793 non
1199 753 1323 793 solum
1356 752 1592 792 histrionum
1623 757 1662 792 et
1692 752 1786 792 cho-

266 828 467 862 reutarum
499 827 580 869 est,
625 823 695 862 sed
740 822 854 862 etiam
901 821 1109 874 rhapsodis
1147 821 1334 861 tribuitur
1364 826 1483 874 atque
1513 821 1610 861 adeo
1642 821 1688 861 ad
1720 833 1789 861 eos

266 892 449 939 refertur,
494 891 560 944 qui
606 904 706 944 quae
752 903 867 944 prosa
914 891 1091 931 oratione
1127 890 1269 944 scripta
1299 896 1393 930 sunt
1422 890 1602 930 recitant.
1661 889 1790 930 Testis

268 966 326 1000 est
358 961 547 1000 Athenaei
577 961 686 1001 locus
716 960 812 1000 XIV.
845 960 926 1000 620
959 960 992 1000 d.
1036 952 1190 999 Ἰάσων
1235 956 1278 999 δ’
1324 957 1370 1000 ἐν
1413 960 1541 1013 τρίτῳ
1573 958 1673 1013 περὶ
1705 957 1791 999 τῶν

264 1025 548 1083 Ἀλεξάνδρου
582 1026 707 1083 ἱερῶν
737 1027 784 1070 ἓν
807 1025 1113 1080 Ἀλεξανδρείᾳ
1144 1026 1281 1082 φησὶν
1309 1026 1355 1069 ἐν
1384 1028 1444 1079 τῷ
1474 1025 1647 1082 μεγάλῳ
1676 1022 1790 1068 θεά-

265 1113 351 1153 τρῳ
382 1095 799 1153 ὑποκρίνασθαι
827 1095 1087 1150 εΗγηο·ίαν
1131 1095 1225 1137 τὸν
1267 1094 1522 1151 κωμῳδὸν
1551 1095 1615 1137 τὰ
1636 1091 1791 1151 εΗρο-

268 1164 452 1217 δότου,
477 1164 851 1222 Ἑρμόφαντον
882 1164 1031 1206 δὲτὰ
1057 1161 1292 1218 Ὁμήρου.
1341 1165 1469 1205 Testis
1498 1165 1694 1214 Timaeus,
1723 1167 1791 1219 qui

267 1237 380 1289 plane
426 1242 465 1276 et
509 1236 741 1289 simpliciter
770 1235 987 1287 rhapsodos
1018 1239 1129 1274 vocat
1159 1235 1360 1285 epicorum
1393 1234 1612 1275 carminum
1644 1240 1792 1275 actores

270 1303 544 1360 (ῥαψῳδοὶ
576 1301 870 1359 ὑποκριταὶ
903 1299 1083 1356 ἐπῶν).
1123 1302 1259 1355 Neque
1287 1302 1326 1342 id
1359 1302 1501 1343 mirum
1521 1303 1667 1355 poterit
1695 1315 1792 1351 esse,

269 1375 301 1415 si
333 1374 434 1427 quis,
467 1387 564 1426 quae
596 1374 648 1414 sit
676 1374 800 1427 ipsius
831 1373 935 1414 vocis
965 1373 1020 1412 vis
1051 1385 1095 1412 ac
1124 1376 1310 1424 potestas,
1356 1377 1537 1412 accurate
1567 1372 1793 1413 considera-

268 1444 376 1484 verit.
425 1443 477 1483 Ut
506 1443 614 1484 enim
646 1443 747 1495 apud
777 1443 993 1482 Homerum
1025 1440 1083 1490 (Il.
1115 1441 1156 1481 V.
1189 1440 1300 1488 150.)
1338 1441 1572 1493 κρίνεσθαι
1603 1437 1794 1495 ὀνείρους

268 1519 327 1553 est
358 1525 519 1553 cernere
549 1512 607 1552 vel
637 1511 889 1565 interpretari
919 1509 1094 1557 somnia,
1139 1508 1195 1548 sic
1224 1505 1548 1563 ὑποκρίνεσθαι
1580 1515 1640 1550 est
1668 1509 1792 1549 inter—

267 1582 413 1635 pretari
444 1595 543 1634 quae
573 1581 619 1621 ab
650 1581 780 1633 aliquo
810 1585 905 1620 sunt
934 1578 1134 1632 proposita
1164 1578 1224 1618 vel
1246 1576 1494 1630 supposita¹).
1535 1576 1668 1628 Itaque
1687 1580 1793 1616 recte

266 1651 307 1691 id
338 1663 427 1691 cum
457 1651 504 1691 ad
535 1651 606 1691 alia
652 1650 847 1703 permulta
900 1655 987 1688 tum
1032 1648 1078 1688 ad
1118 1647 1249 1688 omnia
1293 1646 1422 1698 poesis
1468 1658 1611 1698 genera
1654 1645 1795 1685 referri

274 1726 416 1774 sponte
446 1726 564 1773 patet.

381 1789 530 1838 Quodsi
575 1784 809 1841 ὑπόκρισις
853 1798 934 1826 non
981 1786 1099 1826 unius
1147 1790 1207 1825 est
1250 1784 1381 1837 poesis
1421 1784 1618 1824 scaenicae
1647 1783 1716 1823 sed
1747 1783 1794 1823 ad

271 1859 403 1900 omnia
433 1858 596 1898 omnino
627 1869 769 1909 genera
800 1856 986 1908 pertinet,
1018 1855 1121 1895 idem
1153 1855 1293 1895 cadere
1324 1858 1485 1906 apparet
1514 1853 1556 1893 in
1585 1852 1793 1893 actionem.

268 1928 352 1969 Est
395 1928 548 1980 igitur
578 1926 773 1978 triplex
803 1925 1015 1965 actionis
1047 1937 1228 1977 genus,
1276 1923 1474 1976 epicum
1518 1922 1795 1974 rhapsodo-

269 2010 400 2044 rum,
445 1997 650 2050 lyricum
682 1995 755 2035 vel
785 1995 1014 2034 melicum
1045 1994 1424 2038 choreutarum,
1470 1991 1795 2031 dramaticum

269 2066 591 2107 histrionum.
654 2065 703 2104 Et
734 2064 915 2104 incohata
947 2063 1107 2115 quidem
1139 2062 1303 2102 actionis
1334 2073 1397 2101 ars
1428 2074 1448 2101 a
1478 2060 1698 2113 rhapsodis,
1728 2059 1795 2112 qui

269 2136 311 2175 in
341 2134 645 2188 pronuntiandis
677 2132 915 2173 carminibus
946 2145 1026 2173 non
1057 2137 1237 2185 poterant
1264 2143 1397 2171 carere
1420 2129 1524 2169 vocis
1544 2128 1795 2181 potissimum
1838 2122 1842 2124 ’

269 2205 477 2257 praesidio,
508 2209 619 2244 aucta
652 2208 690 2242 et
720 2202 952 2254 amplificata
982 2214 1053 2254 per
1082 2201 1306 2248 (moremus,
1338 2199 1406 2252 qui
1436 2204 1476 2238 et
1505 2200 1602 2238 facta
1632 2198 1795 2238 deorum

271 2275 517 2325 heroumque
549 2279 587 2313 et
616 2284 685 2313 sua
715 2271 892 2323 ipsorum
923 2282 1040 2310 sensa
1072 2275 1187 2310 cantu
1217 2274 1334 2321 atque
1365 2267 1570 2307 saltatione
1599 2266 1794 2319 exprime-

271 2343 386 2390 bant,
433 2343 603 2395 perfecta
649 2353 719 2394 per
764 2339 1053 2391 tragoediarum
1085 2344 1124 2378 et
1154 2337 1444 2379 comoediarum
1474 2334 1698 2382 histriones,
1731 2333 1795 2385 qui

272 2541 430 2580 motuque
455 2536 631 2568 immunem
656 2532 760 2566 fuisse
784 2533 924 2574 iudicat,
967 2541 1105 2575 eumque
1130 2537 1266 2565 secutus
1292 2535 1345 2564 est
1369 2528 1475 2562 Biihr
1498 2528 1531 2560 in
1556 2525 1674 2569 Pauly,
1698 2524 1796 2558 Real-

277 2594 523 2637 encyklopiidie
560 2603 592 2626 v.
615 2590 810 2638 ῥαψῳδοί,
847 2600 920 2622 cum
944 2590 1043 2622 dicit:
1081 2588 1183 2632 „Scin
1218 2591 1291 2630 (des
1317 2586 1525 2631 Rhapsoden)
1562 2584 1718 2628 Vortrag·
1753 2585 1798 2616 ist

271 2652 492 2695 rlzytlzmisch,
506 2651 607 2683 aber
623 2650 722 2682 olane
737 2647 996 2691 Begleitung·
1011 2658 1084 2680 von
1102 2647 1239 2680 ΜιιείΙε
1252 2643 1532 2679 undAlction.“
1547 2640 1597 2674 Cf.
1610 2653 1639 2684 p.
1655 2641 1796 2690 212sqq.

366 2725 393 2765 ¹)
419 2722 468 2755 CI'.
497 2722 686 2755 Herodot
708 2720 733 2753 l.
761 2721 834 2752 107.
863 2716 1150 2762 ὑποθέμενος
1174 2715 1210 2749 δὲ
1235 2715 1306 2747 τῶν
1322 2710 1469 2758 Μάγων
1491 2714 1587 2744 τοῖσι
1611 2705 1798 2758 ὀνειροπό-

273 2783 371 2814 λοισι
395 2777 434 2813 τὸ
463 2776 639 2814 ἐνύπνιον
662 2772 828 2823 ἐφοβήθη
853 2771 944 2822 παρ’
973 2770 1105 2808 αὐτέων
1129 2769 1217 2806 αὐτὰ
1242 2770 1375 2806 ἕκαστα
1398 2764 1551 2815 μαθών,
1588 2769 1799 2812 interpreta-

273 2839 396 2871 bantur
421 2835 710 2884 (ὑποκρίνεσθαι)
744 2836 831 2868 enim
856 2834 908 2866 illi
933 2833 1017 2876 quod
1035 2843 1093 2865 rex
1113 2834 1336 2874 supposuerat
1352 2825 1588 2870 (ὑποθέσθαι)
1617 2826 1795 2865 somnium3

273 2896 330 2928 ubi
357 2897 490 2928 minime
518 2892 752 2940 ὑποθεῇαενος
777 2892 966 2925 mutandum
993 2894 1046 2922 cst
1072 2890 1103 2921 in
1131 2886 1387 2934 dn5Q19⁴(1.16²'c)5·.
