2014 3204
764 298 1045 338 -49—

203 417 394 456 Platon.
434 416 489 456 de
526 416 647 467 legg.
679 415 723 454 Π.
762 427 800 468 p.
843 414 937 455 658.
979 415 1015 454 d.
1087 407 1361 468 Ῥαψῳδὸν
1401 410 1457 453 δὲ
1491 409 1665 459 καλῶς

257 477 895 525 ἸλιάδακαὶὍδύσσειαν
914 477 943 536 ἤ
961 497 1012 522 τι
1034 478 1469 523 τῶν“Ησιοόἐι’ων
1488 481 1666 523 διατι-

261 544 433 594 θέντα
470 549 561 604 τάχ’
591 550 646 592 ἂν
665 547 790 606 ἡμεῖς
833 548 876 591 οἳ
896 552 1090 602 γέροντες
1119 546 1278 605 ἥδιστα
1307 547 1569 599 ἀκούσαντες
1597 564 1666 592 νι-

211 664 215 668 ,
263 623 344 674 κᾷν
372 619 428 663 ἂν
457 627 623 676 φαῖμεν
653 615 882 673 πάμπολυ.

207 692 402 732 Platon.
427 690 666 731 Charmid.
694 702 733 742 p.
768 687 859 728 162.
887 686 932 726 D.
1009 680 1084 726 ὁδ’·
1108 681 1183 726 οῦκ
1204 682 1417 741 ἠνέσχετο,
1448 685 1562 729 ἄλλά
1590 703 1666 742 μοι

265 758 416 807 ἔδοξεν
460 757 727 814 ὀργισθῆναι
766 753 884 810 αὐτῷ
922 751 956 795 ὦ
967 764 1099 807 σπερ
1130 770 1165 795 π
1177 769 1200 796 ο
1212 771 1226 795 ι
1239 755 1361 811 ητὴς
1404 752 1542 799 ὑποκ
1553 772 1576 812 ρ
1587 758 1668 814 “fl

264 829 438 877 κακῶς
466 827 783 869 διατιθέντι
813 823 876 865 τὰ
906 821 1099 865 ἑαυτοῦ
1129 823 1421 879 ποιήματα.

152 899 210 940 sic
238 899 286 938 ad
315 898 581 951 pantomimos
601 895 847 944 translatum,
878 907 960 934 non
982 893 1086 934 aliud
1117 906 1203 933 esse
1223 899 1366 946 potest,
1399 908 1516 948 quam
1549 907 1670 947 argu-

153 972 334 1007 mentum
365 967 520 1019 aliquod
567 966 746 1006 salticum
793 964 998 1004 saltatione
1042 962 1308 1015 exprimere1).
1366 965 1510 1004 Verum
1541 964 1671 1004 enim-

152 1049 245 1078 vero
274 1048 369 1077 num
401 1036 605 1089 proprium
636 1041 720 1074 erat
740 1032 914 1086 Bathylli,
944 1038 988 1072 ut
1016 1032 1279 1084 hyporchema
1308 1031 1497 1073 saltaret?
1546 1033 1670 1072 lmmo

153 1111 235 1147 tota
265 1106 600 1158 pantomimorum
632 1117 695 1143 ars
726 1116 772 1143 ex
802 1101 1116 1155 hyporchematis
1146 1101 1276 1149 fluxit,
1323 1115 1369 1142 ex
1413 1115 1490 1154 quo
1531 1101 1671 1142 eodem

154 1174 264 1215 fonte
294 1174 465 1215 manavit
496 1174 675 1214 ommelia
705 1172 858 1220 cordax,
903 1170 1084 1220 sicinnis3
1128 1170 1168 1210 id
1198 1170 1304 1223 quod
1335 1171 1546 1210 clarissime
1576 1183 1672 1224 per-

154 1242 317 1296 spicitur
346 1255 393 1282 ex

211 1312 376 1352 Athen.
412 1311 442 1351 1.
484 1312 544 1351 15.
584 1311 621 1350 d.
682 1307 1031 1364 ὑποσημαίνεται
1073 1306 1122 1348 δὲ
1152 1305 1199 1347 ἒν
1227 1305 1396 1355 τούτοις
1425 1305 1448 1349 ὁ
1481 1305 1672 1363 ὑπορχη-

268 1375 451 1434 ματικὸς
480 1378 669 1434 τρόπος,
702 1376 750 1428 ὃς
780 1376 974 1433 ἤνθησὸν
1003 1375 1078 1417 ἐπὶ
1112 1372 1365 1431 Ξενοδήμου
1402 1376 1473 1417 καὶ
1507 1375 1675 1418 Πινδά-

269 1461 366 1503 ρου·
408 1447 495 1488 καὶ
527 1448 674 1488 ἔστιν
717 1444 742 1501 ἦ
786 1445 1005 1501 τοιαύτη
1052 1443 1274 1501 ὄρχησις
1318 1449 1549 1501 μίμησις
1578 1447 1676 1487 τῶν

269 1514 375 1558 ἀπὸ
406 1518 494 1569 τῆς
523 1515 710 1564 λέξεως
740 1514 1176 1570 ἑρμηνευομένων
1221 1514 1565 1572 πραγμάτων.
1625 1518 1674 1556 ct'.

268 1586 443 1626 Athen.
483 1586 578 1626 XIV.
610 1585 702 1626 628.
736 1586 771 1626 d.
805 1586 874 1636 αἳ)

158 1657 267 1704 Quae
297 1669 385 1696 cum
415 1655 467 1695 ita
498 1655 595 1702 sint,
633 1667 714 1695 non
749 1655 915 1695 dubium
946 1660 1027 1704 est,
1066 1655 1161 1708 quin
1192 1661 1421 1708 corruptum
1453 1669 1541 1696 esse
1571 1656 1676 1696 hunc

159 1724 349 1766 Athenaei
377 1725 506 1765 locum
540 1724 843 1764 existimandum
873 1725 937 1764 sit.
996 1724 1144 1777 Nempe
1174 1725 1295 1765 totius
1325 1725 1382 1765 rei
1414 1725 1529 1765 cardo
1559 1725 1600 1766 in
1629 1739 1676 1765 eo

159 1794 334 1842 vertitur,
365 1799 410 1834 ut
439 1794 608 1842 dicatur,
640 1807 738 1847 quae
767 1794 1016 1846 potissimum
1058 1800 1287 1846 argumenta
1322 1795 1502 1834 saltando
1543 1795 1676 1847 expri-

162 1865 278 1903 mere
298 1862 436 1902 solitus
466 1863 517 1902 sit
545 1863 741 1915 Bathyllus
753 1894 763 1911 ,
793 1865 897 1916 quod
928 1864 1046 1904 suerit
1075 1864 1226 1916 Pyladis
1266 1870 1304 1904 et
1333 1864 1497 1916 Bathylli
1535 1863 1676 1904 discri-

159 1943 265 1972 men.
326 1931 496 1983 Ideoque
526 1932 602 1971 tale
632 1931 726 1983 quid
756 1933 980 1972 addendum
1012 1940 1107 1981 erat,
1140 1934 1252 1985 quale
1282 1934 1385 1986 apud
1417 1933 1674 1974 Plutarchum

159 2000 304 2052 legitur
339 1998 541 2056 (δέχομαι
582 1997 658 2054 τὴν
698 1997 1001 2050 Βαθύλλειον,
1033 1998 1190 2054 Ἠχοῦς
1229 2000 1256 2056 ἢ
1299 2016 1419 2049 τινος
1461 2000 1607 2049 Πανὸς
1650 1999 1676 2056 ἢ

155 2066 358 2120 Σατύρου
379 2067 459 2110 σὺν
480 2067 609 2123 ἔρωτι
631 2066 907 2122 κωμάζοντος
926 2065 1163 2125 ὑπόρχημά
1180 2086 1223 2111 τι
1255 2066 1603 2125 διατιθεμένην),
1635 2076 1679 2110 ut

159 2137 390 2186 accuratius,
406 2138 738 2190 quemadmodum
762 2139 923 2192 Pylades
939 2139 980 2179 in
995 2140 1151 2191 tragicis
1168 2140 1412 2191 argumentis
1431 2139 1676 2187 eminuisset,

160 2207 218 2247 sic
246 2206 467 2259 Bathyllum
497 2207 539 2246 in
569 2208 726 2248 comicis
757 2209 1000 2261 superiorem
1030 2209 1153 2249 fuisse
1183 2209 1478 2260 significaretur.

272 2276 351 2316 lam
369 2276 487 2316 finem
507 2277 605 2316 facio
623 2277 713 2317 huic
729 2277 993 2330 disputationi,
1009 2290 1098 2317 cum
1115 2278 1301 2330 triplex
1318 2278 1541 2318 extitisse
1556 2291 1582 2331 p
1594 2291 1678 2318 an—

160 2345 476 2385 tomimorum
493 2359 643 2398 genus
660 2346 910 2399 ipsamque
926 2347 1046 2387 artis
1063 2346 1299 2398 originem
1315 2347 1370 2387 ad
1385 2347 1679 2388 Graecorum

160 2414 478 2455 saltationem
495 2414 803 2456 dramaticam
827 2416 1130 2456 referendam
1148 2429 1254 2456 esse
1271 2416 1390 2456 mihi
1405 2417 1572 2457 videar
1594 2416 1678 2456 de-

161 2490 478 2524 monstrasse.
512 2484 589 2525 Cur
605 2491 736 2527 autem
755 2485 922 2533 saltatio,
942 2498 988 2525 ex
1007 2485 1167 2525 Graecia
1187 2485 1352 2526 oriunda
1377 2485 1452 2534 illa,
1477 2485 1679 2525 nominata

251 2625 281 2667 ¹)
305 2624 500 2659 Abhorrere
523 2636 543 2658 a
568 2624 711 2659 Graecis
735 2625 848 2659 verbis
873 2625 1186 2667 Schweighaeuseri
1212 2626 1544 2669 interpretationem:
1593 2624 1679 2667 „Ba-

162 2681 291 2725 thyllen
315 2692 397 2716 vero
426 2682 589 2724 hilarion
615 2683 644 2716 is
670 2683 755 2715 enim
781 2693 854 2716 cum
881 2683 1065 2716 saltatione
1089 2688 1219 2715 cantum
1237 2682 1338 2715 etiam
1362 2682 1575 2725 aliquatenus
1600 2693 1680 2714 con-

162 2737 307 2782 iungiv‘,
331 2750 426 2773 nemo
451 2746 514 2783 est,
539 2741 595 2784 qui
621 2752 684 2774 non
712 2741 835 2775 videat.

254 2797 283 2839 ²)
304 2797 479 2832 Immutata
502 2804 556 2832 est
580 2803 695 2842 postea
720 2799 802 2831 haec
827 2799 989 2842 primaria
1017 2799 1112 2832 vocis
1147 2798 1361 2840 significatio.
1410 2796 1680 2838 Diligentissime

164 2859 273 2888 autem
298 2855 438 2897 collegit
463 2866 575 2889 omnes
610 2855 683 2889 fere
718 2856 824 2899 locos,
861 2867 903 2889 ex
939 2857 1058 2900 quibus
1097 2856 1352 2889 accuratissime
1387 2854 1486 2887 huius
1523 2853 1681 2886 vocabuli

162 2912 340 2946 historiam
363 2923 565 2955 cognoscere
601 2914 724 2957 possis,
749 2914 953 2957 Leutsch,
981 2913 1166 2947 Grundriss
1192 2925 1232 2947 zu
1256 2913 1492 2954 Vorlesungen
1518 2911 1600 2944 iiber
1626 2911 1680 2943 die

164 2968 381 3003 Griechisehe
404 2971 542 3005 Metrik.
566 2982 597 3015 p.
624 2972 699 3005 379.

230 3037 257 3067 J·
277 3039 501 3075 semimortuo-it,
520 3039 668 3068 scaenica.
1444 3042 1466 3075 4
